1598 2592
36 174 134 206 sepes
183 165 416 197 membranulae
464 165 637 207 phrenalis.

35 215 186 248 Tandem
222 216 319 257 igitur
354 215 446 254 fluor,
480 217 535 257 qui
568 217 637 247 sine

35 266 150 307 spiritu
193 266 331 298 emissus
373 267 423 303 sit.
472 267 637 304 emittitur,

35 326 116 348 sane
149 316 230 348 alius
262 317 397 357 quidem
430 317 523 355 ultro,
557 317 638 348 alius

36 377 115 398 uero
127 367 169 399 ui.
196 367 239 398 Et
253 367 337 398 ultro
350 368 492 408 quidem,
504 368 638 408 quando

36 427 92 450 aer
113 417 197 448 ultro
218 418 251 448 in
274 428 375 449 uenas
397 419 562 459 ingressus
584 429 637 449 an-

36 472 152 509 gustos
167 467 278 499 fecerit
292 469 446 500 transitus
461 469 636 510 sanguinis.

35 517 131 550 Tunc
161 519 246 550 enim
272 519 406 559 sanguis
432 519 476 550 ob
498 519 638 550 multitu-

36 569 147 600 dinem
167 579 299 610 pressus
322 575 450 601 meatus
472 570 637 611 patefacit,

36 629 242 660 quacumque
257 621 400 651 maxime
411 621 563 661 grauarit.
591 620 638 651 At

36 669 92 700 ubi
114 669 234 701 multus
249 669 378 701 fluxerit
389 672 532 711 sanguis,
544 676 578 702 et
588 671 638 702 his

36 719 166 751 dolores
189 720 363 761 implerunt
385 731 486 752 uenas
508 721 636 762 spiritu;

36 769 127 802 locus
150 771 237 802 enim
258 771 374 803 dolens
389 772 573 803 necessario
585 772 638 803 de-

35 821 118 852 tinet
132 821 291 862 spiritum.
328 821 395 853 Alii
411 832 542 863 quoque
558 822 639 853 fiunt

35 871 156 903 similes
178 873 358 903 antedictis.

90 930 102 953 1
112 930 137 953 1.
167 921 324 954 Scissurae
335 928 445 954 autem
458 933 572 954 omnes
584 923 638 954 ho-

37 982 108 1004 rum
129 982 230 1004 causa
244 972 335 1004 fiunt.
369 974 509 1015 Quando
524 974 556 1004 ui
572 973 637 1014 pul-

37 1032 90 1063 pae
126 1023 266 1054 inuicem
305 1023 541 1065 disiungantur,
578 1025 638 1055 dis-

36 1073 156 1104 iunctae
187 1078 296 1104 autem
326 1075 522 1106 subeuntem
548 1075 637 1115 spiri-

37 1128 107 1154 tum
121 1124 292 1165 accipiant,
304 1124 391 1156 hunc
403 1124 549 1156 dolorem
561 1135 639 1166 prae-

35 1177 133 1205 stant.

90 1232 136 1255 12.
174 1223 273 1265 Quod
295 1225 322 1256 si
338 1235 396 1266 per
410 1225 528 1266 pulpas
544 1226 639 1257 flatus

35 1274 256 1315 digredientes
278 1275 391 1307 laxant
408 1277 554 1317 corporis
570 1277 639 1308 uias

37 1330 72 1356 et
93 1325 136 1356 ad
158 1324 254 1357 flatus
275 1327 422 1367 sequitur
443 1326 559 1358 humor
573 1328 640 1368 qui-

37 1375 123 1412 dam,
155 1376 242 1407 uiam
271 1387 326 1407 aer
352 1378 504 1414 coercuit,
533 1378 640 1408 made-

39 1425 126 1457 facto
150 1431 259 1457 autem
282 1437 419 1467 corpore
442 1427 551 1468 pulpae
573 1428 639 1468 qui-

37 1476 114 1507 dem
136 1476 381 1514 subtabescunt‚
401 1483 546 1509 tumores
561 1489 639 1509 uero

37 1526 243 1558 descendunt
264 1527 295 1558 in
319 1538 420 1559 suras.
458 1528 502 1559 Et
523 1529 640 1559 dicitur

38 1576 111 1608 talis
126 1577 259 1608 morbus
271 1588 356 1618 aqua
367 1579 518 1610 intercus.
541 1579 640 1620 Quod

37 1633 148 1658 autem
169 1627 265 1659 huius
287 1629 392 1659 morbi
414 1628 510 1660 flatus
529 1630 593 1660 sint
608 1630 639 1660 in

37 1687 146 1714 causa,
169 1678 232 1709 hoc
247 1679 427 1710 maximum
438 1680 568 1720 signum
581 1685 638 1711 est.

37 1727 107 1758 Iam
129 1728 262 1768 quidam
278 1735 451 1769 pereuntes
462 1729 554 1761 diluti
566 1736 641 1761 sunt

37 1779 254 1820 euacuatique
276 1790 369 1820 aqua.
411 1781 492 1811 Mox
515 1791 600 1821 aqua
622 1791 641 1812 e

38 1834 152 1860 uentre
165 1839 298 1870 egressa
311 1836 446 1871 apparet
458 1830 569 1868 multa,
582 1832 640 1862 sed

39 1884 114 1919 post
129 1889 254 1911 moram
268 1880 305 1911 fit
320 1881 433 1912 minor.
464 1882 574 1923 Quare
587 1882 640 1922 igi-

39 1934 91 1960 tur
111 1929 175 1961 hoc
190 1929 244 1962 fit?
277 1930 374 1962 Certe
389 1932 479 1972 quod
491 1942 576 1972 aqua
587 1942 640 1963 ex-

39 1979 164 2020 templo
189 1981 273 2012 aeris
294 1987 345 2012 est
366 1981 471 2022 plena.
516 1982 564 2013 At
586 1992 642 2013 aer

39 2030 167 2070 praebet
196 2036 357 2063 tumorem
388 2042 554 2072 magnum,
582 2033 640 2064 sed

40 2080 181 2112 abeunte
209 2082 321 2122 spiritu
345 2082 534 2123 relinquitur
555 2093 641 2123 aqua

40 2130 119 2170 ipsa.
165 2130 315 2172 Apparet
336 2133 434 2173 igitur
455 2144 565 2173 parua,
582 2134 640 2164 sed

40 2186 90 2212 est
102 2181 246 2222 aequalis.
275 2182 375 2222 Quod
387 2188 497 2214 autern
509 2184 641 2224 spiritus

93 2277 103 2295 1
129 2268 325 2295 membranula»
354 2270 381 2296 in
404 2279 488 2305 marg.
511 2279 526 2297 a
549 2279 583 2297 m.
603 2280 640 2306 pr.

39 2309 101 2336 add.
171 2317 200 2345 33
219 2319 279 2344 -que
296 2311 355 2338 add.
375 2321 389 2338 a
408 2321 443 2338 m.
462 2321 499 2347 pr.

1214 90 1251 120 25

694 166 769 197 dam
793 166 836 197 ob
859 165 997 197 dolores.
1043 165 1168 207 Sponte
1191 167 1297 207 igitur,

694 216 828 256 quando
869 226 933 254 aer,
977 223 1095 257 sponte
1132 217 1298 258 ingressus

695 276 805 303 uenas,
828 267 1012 308 angustiam
1037 267 1200 298 induxerit
1225 278 1297 299 san-

695 317 802 358 guinis
817 317 988 349 meatibus.
1022 318 1116 349 Tunc
1128 318 1214 349 enim
1225 329 1297 349 san·

694 367 768 408 guis
783 378 924 408 pressus,
941 373 1055 408 utpote
1070 369 1134 399 iam
1151 369 1298 409 frequen·
1318 380 1329 406 5

694 419 765 455 tior,
780 418 921 459 effringit
936 424 1072 456 meatus,
1089 429 1297 461 quocumque

695 469 901 509 potissimum
915 469 1052 510 ingruat.
1087 469 1230 510 Quando
1244 480 1298 501 au-

695 525 762 550 tem
784 519 984 551 abundantia
1003 521 1171 560 sanguinis
1186 521 1298 561 irrupit

694 570 880 611 quibusque
902 570 935 601 id
950 570 1078 607 accidit,
1094 570 1225 602 dolores
1236 572 1298 612 spi-

695 621 756 651 ritu
780 630 881 651 uenas
903 620 1133 661 impleuerunt;
1157 632 1233 653 narn
1256 622 1297 652 as-
1319 632 1351 651 xo

695 670 817 702 flictum
840 670 948 702 locum
970 672 1117 712 spiritum
1133 673 1298 703 continere

695 731 830 752 necesse
852 727 911 753 est.
956 722 1096 762 Reliqua
1117 728 1194 753 sunt
1216 723 1298 754 simi-

695 771 737 803 lia
759 772 807 809 iis,
831 782 906 813 quae
929 773 1017 804 dicta
1039 778 1124 804 sunt.

1320 885 1348 911 15

749 931 796 954 11.
829 922 1018 955 Abscessus
1033 929 1143 955 autem
1159 924 1203 955 ob
1218 924 1298 955 haec.

695 974 836 1015 Quando
859 984 927 1014 prae
951 974 1106 1005 uiolentia
1127 985 1204 1006 caro
1226 985 1246 1006 a
1263 985 1299 1006 se

695 1025 767 1064 ipsa
795 1025 943 1056 seiuncta
965 1025 1007 1056 sit
1029 1031 1127 1066 atque
1151 1026 1182 1056 in
1206 1026 1300 1057 inter-

695 1075 888 1115 capedinem
925 1076 1058 1116 spiritus
1094 1086 1130 1106 se
1166 1086 1299 1117 sugges-

695 1126 780 1162 serit,
804 1125 882 1157 illud
905 1125 1051 1157 dolorem
1074 1126 1206 1167 praebet.
1316 1137 1351 1155 20

750 1234 796 1257 12.
834 1225 868 1257 Si
892 1237 969 1257 uero
985 1237 1044 1267 per
1057 1237 1189 1258 carnem
1204 1227 1299 1258 flatus

695 1282 933 1308 transmeantes
950 1278 1097 1318 corporis
1112 1283 1239 1309 meatus
1255 1288 1300 1309 ra-

696 1327 795 1358 riores
818 1327 993 1364 effecerint,
1021 1328 1168 1368 sequitur
1190 1334 1299 1359 autem

695 1377 791 1408 flatus
824 1377 1009 1414 humiditas,
1043 1379 1094 1409 cui
1128 1379 1213 1410 uiam
1245 1389 1300 1410 aer
1318 1388 1348 1414 25

695 1428 808 1468 aperit,
822 1428 1023 1469 humidoque
1034 1429 1152 1460 effecto
1162 1439 1299 1469 corpore

695 1478 907 1518 subliquescit
916 1489 994 1510 sane
1004 1489 1080 1510 caro
1090 1485 1299 1520 tumoresque

695 1529 727 1559 in
750 1538 843 1560 crura
864 1529 1077 1560 descendunt.
1118 1530 1231 1570 Atque
1247 1530 1299 1561 hic

695 1579 829 1610 morbus
851 1589 937 1620 aqua
959 1580 1041 1611 inter
1062 1585 1171 1611 cutem
1191 1580 1300 1621 appel-

695 1628 788 1661 latur.
819 1630 1000 1661 Maximum
1012 1636 1121 1661 autem
1134 1631 1298 1668 indicium,
1320 1639 1353 1667 30

696 1679 770 1711 huic
780 1690 912 1721 quoque
921 1681 1106 1721 aegritudini
1117 1681 1212 1712 flatus
1222 1692 1300 1722 prae-

695 1730 773 1761 bere
785 1741 928 1767 causam,
940 1731 1017 1762 illud
1028 1732 1139 1772 utique
1149 1737 1208 1763 est.
1231 1733 1299 1763 Iam

695 1780 828 1821 quidem
850 1782 1031 1822 perniciose
1052 1782 1220 1820 habentes,
1236 1782 1300 1823 cly-

696 1837 781 1862 stere
797 1833 935 1872 purgati,
952 1843 1038 1872 aqua
1053 1834 1202 1864 euacuati
1214 1839 1298 1864 sunt.

697 1881 813 1913 Statim
836 1883 932 1923 igitur
953 1893 1028 1923 quae
1049 1893 1091 1914 ex
1107 1889 1220 1914 uentre
1235 1885 1299 1915 exi·
1319 1892 1348 1918 35

696 1933 753 1969 uit,
770 1932 922 1973 frequens
936 1933 1073 1971 uidetur,
1087 1934 1145 1965 sed
1158 1944 1299 1965 commo-

697 1988 765 2013 rata
777 1984 912 2023 paucior
923 1984 1076 2015 redditur.
1097 1984 1200 2025 quue
1213 1985 1299 2016 unde

696 2033 834 2071 accidat,
858 2035 1064 2074 perspicuum
1083 2039 1142 2072 est,
1159 2045 1245 2075 aqua
1260 2036 1299 2066 si-

696 2084 829 2123 quidem
841 2095 920 2115 mox
932 2085 1036 2116 eiecta
1046 2095 1121 2116 aere
1132 2085 1228 2125 plena
1239 2091 1298 2122 est,

749 2146 779 2171 18
796 2147 826 2172 in
844 2155 900 2172 om.
918 2146 1013 2178 codex,
1030 2147 1109 2181 praeb.
1122 2147 1199 2182 impr.
1269 2155 1299 2181 19
1316 2143 1353 2168 4⁰

694 2189 823 2220 suggerit
838 2188 915 2223 impr.
997 2196 1028 2222 34
1045 2192 1113 2215 sunt
1129 2197 1184 2215 om.
1203 2189 1297 2220 codex,

696 2230 775 2263 praeb.
794 2229 871 2264 impr.
949 2237 979 2264 37
997 2231 1137 2257 undenam
1155 2231 1231 2266 impr.

698 2278 729 2305 39
747 2280 812 2297 mox
829 2280 883 2298 om.
903 2272 996 2305 codex,
1015 2273 1095 2307 praeb.
1113 2273 1189 2307 impr.
1259 2276 1300 2299 est

697 2313 735 2339 bis
754 2313 881 2348 scriptum
900 2314 927 2340 in
946 2314 1039 2340 codice
