1598 2592
82 179 112 210 9.
147 170 202 202 Ob
224 170 308 202 hanc
331 170 428 211 igitur
443 180 577 202 causam
594 169 635 201 fe-

33 221 109 252 bres
130 221 211 252 fiunt
233 226 266 252 et
287 221 343 261 qui
359 220 467 252 febres
482 221 637 252 comitan-

33 277 85 303 tur
111 271 242 303 dolores
267 281 306 302 ac
329 271 442 302 morbi.
487 270 637 302 Aliarum

33 327 144 354 autem
157 322 417 363 aegrotationum,
429 321 636 362 quibuscum-

33 382 98 413 que
114 373 291 413 uertigines
305 376 362 403 aut
377 372 535 403 tortiones
549 371 637 402 uolu-

33 427 151 460 tentur,
160 423 285 454 uariata
292 422 495 454 firmamenta
503 421 637 453 flatuum

34 473 156 504 suntin
172 483 279 504 causa.
315 472 512 504 Huiusmodi
527 478 638 503 autem

33 524 179 555 omnium
201 533 242 554 ea
264 533 328 554 una
350 529 400 555 est
416 523 587 560 medicina,
602 528 638 554 ut

34 574 165 614 spiritus
195 574 403 614 digrediatur.
456 573 520 604 Hic
550 574 638 604 enim

34 634 109 655 cum
137 624 179 655 ad
205 630 336 655 teneros
358 623 449 655 locos
471 629 571 664 atque
594 624 638 654 in-

34 680 147 706 suetos
161 679 195 706 et
210 674 397 706 tractabiles
408 675 542 712 irruerit,
555 675 638 705 sicut

34 725 194 756 inhaerens
206 725 336 766 sagitta,
346 735 422 765 quae
434 735 493 765 per
505 724 637 765 pulpam

35 776 162 816 mergit,
185 775 321 806 offendit
342 775 541 816 quandoque
560 785 638 815 prae-

35 826 156 863 cordia,
193 825 391 866 quandoque
428 835 507 856 uero
540 826 638 856 abdo-

35 877 132 914 mina,
164 876 327 907 interdum
353 881 464 907 autem
490 882 637 916 utraque.

35 926 259 968 Quamobrem
285 931 463 958 aestuantes
486 927 638 958 extrinse-

36 987 94 1008 cus
122 976 274 1008 fomentis
304 981 464 1008 conantur
491 976 637 1008 dolorem

36 1027 166 1058 efficere
189 1026 378 1058 molliorem.
424 1027 509 1058 Nam
524 1027 580 1058 ubi
595 1027 637 1058 ab

36 1077 289 1109 inflammatione
308 1078 454 1119 corporis
469 1078 637 1108 exterioris

37 1127 165 1159 laxatur
176 1128 364 1165 fomentum,
377 1129 492 1160 transit
503 1139 561 1169 per
572 1138 638 1159 cor-

37 1189 99 1219 pus
124 1179 269 1219 spiritus;
301 1189 402 1219 quare
431 1178 580 1210 dolorum
602 1178 639 1210 fit

36 1229 130 1270 quies
151 1229 314 1269 quaedam.

91 1287 137 1310 10.
169 1279 331 1310 Fortassis
343 1285 453 1310 autern
465 1280 638 1320 quisquam

37 1329 169 1361 dixerit:
202 1331 370 1370 quomodo
398 1330 494 1371 igitur
520 1329 639 1361 fluores

37 1379 119 1411 fiunt
145 1386 278 1420 propter
299 1379 394 1411 flatus
417 1385 474 1411 aut
495 1390 639 1421 quonam

37 1435 136 1470 pacto
162 1436 212 1461 est
239 1430 302 1461 hoc
325 1431 357 1461 in
379 1440 487 1468 causa,
511 1435 547 1461 ut
568 1441 640 1461 san·

37 1481 144 1521 guinis
153 1480 300 1511 fracturae
309 1481 388 1512 fiant
395 1481 481 1512 circa
488 1480 639 1521 pectora?

37 1530 84 1562 At
106 1531 259 1562 existimo
281 1531 433 1571 equidem
447 1531 519 1562 haec
533 1531 639 1562 decla-

37 1587 142 1612 ratum
173 1581 209 1612 iri
241 1587 414 1622 propterea
444 1581 522 1619 fieri,
550 1581 639 1622 quod

37 1641 112 1662 curn
134 1632 250 1672 capitis
265 1642 359 1662 uenae
374 1631 507 1672 repletae
523 1631 640 1663 fuerint

37 1692 122 1719 aere,
145 1683 250 1723 primo
272 1682 406 1722 quidem
421 1687 576 1723 grauatur
590 1692 639 1713 ca-

37 1736 96 1772 put
118 1732 350 1764 inhaerentibus
366 1732 507 1770 flatibus,
520 1733 639 1764 deinde

37 1783 169 1823 spiritus
187 1793 246 1824 per
260 1783 452 1823 sanguinem
466 1783 640 1814 inuoluitur

38 1837 170 1874 propter
198 1834 324 1864 uiarum
353 1834 531 1874 angustias.
578 1833 638 1864 Te-

37 1883 192 1914 nuissima
214 1894 292 1914 uero
314 1885 481 1924 sanguinis
496 1894 571 1924 pars
582 1894 640 1924 per

38 1943 139 1965 uenas
161 1933 297 1965 eliditur.
335 1934 398 1965 Hic
414 1935 510 1975 igitur
523 1934 640 1965 humor

37 1993 112 2014 cum
135 1983 229 2015 fuerit
250 1990 480 2026 congregatus,
504 1995 563 2025 per
577 1985 639 2015 alia

37 2034 238 2074 spiramenta
256 2034 334 2066 fluit.
367 2035 404 2066 In
419 2045 516 2076 quam
529 2040 639 2066 autem

37 2085 182 2124 corporis
212 2091 339 2126 partem
366 2085 483 2116 humor
505 2091 639 2117 coactus

90 2179 101 2204 5
122 2172 263 2198 tortiones
275 2172 303 2198 in
315 2180 364 2198 ras.
378 2172 411 2198 al.
425 2181 462 2198 m.

37 2213 64 2239 in
87 2221 138 2239 ras.
159 2213 193 2239 al.
211 2222 247 2240 m.

37 2254 98 2281 add.
115 2263 130 2280 a
148 2263 183 2281 m.
202 2255 235 2281 al.

37 2305 73 2322 m.
91 2296 126 2323 al.

527 2179 557 2204 14
574 2181 640 2198 uero

321 2214 352 2240 28
371 2214 480 2248 quidem
499 2222 534 2240 m.
553 2222 603 2248 pr.;
626 2223 640 2240 e

309 2263 340 2290 34
357 2257 504 2289 angustias
521 2264 554 2282 ex
572 2264 638 2283 corr.

196 2297 226 2331 38
237 2298 310 2331 fluit
326 2306 357 2324 ex
376 2306 443 2324 corr.
462 2306 498 2324 m.
518 2297 551 2324 al.

1210 93 1244 112 21

742 179 772 210 9.
816 169 843 200 F
845 169 940 200 ebres
962 169 1068 208 igitur,
1093 173 1127 199 ut
1143 168 1220 204 dixi,
1234 167 1297 199 hac

692 230 735 251 ex
758 229 858 251 causa
885 219 966 250 fiunt
987 228 1128 259 cumque
1152 218 1297 249 febribus

693 269 823 301 dolores
845 269 1131 311 aegritudinesque.
1165 268 1213 299 At
1228 268 1296 299 reli-

692 321 766 361 quis
796 321 823 351 si
852 321 907 361 qui
935 320 1014 351 fiant
1040 319 1195 350 tenuioris
1218 320 1296 350 inte-

692 371 767 402 stini
800 371 904 402 morbi
943 375 999 401 aut
1031 370 1207 410 uertigines
1241 374 1297 400 aut
1317 379 1328 406 5

693 422 833 452 tormina
855 426 911 452 aut
934 420 1090 456 fremitus,
1112 419 1209 451 flatus
1224 430 1296 451 esse

694 473 726 503 in
752 481 862 508 causa,
889 471 1040 502 omnibus
1070 470 1193 511 liquido
1222 480 1297 501 con-

694 527 780 554 stare
795 522 941 553 arbitror.
973 522 1060 553 Nam
1075 522 1202 552 cunctis
1217 522 1298 552 eius-

693 573 782 604 modi
794 577 923 604 meatus
934 573 1065 613 spiritus
1074 581 1208 603 causam
1218 581 1297 612 prae-

693 623 759 655 bet.
804 623 867 654 Hic
889 623 976 654 enim
998 632 1073 653 cum
1095 622 1244 653 inciderit
1263 622 1294 652 in
1316 632 1348 651 ιο

694 673 766 705 loca
788 673 898 704 mollia
920 679 953 704 et
969 674 1096 704 insueta
1108 678 1297 712 tactumque

695 734 759 755 non
771 724 985 761 admittentia,
995 723 1096 754 ueluti
1108 723 1238 764 sagitta,
1254 724 1298 753 in-

694 775 846 815 grediens
856 775 1080 814 transiensque
1091 783 1149 814 per
1156 783 1297 810 carnem,

693 825 806 856 incidit
833 824 996 856 interdurn
1023 825 1056 855 in
1078 823 1297 865 cartilagines,

694 874 774 906 alias
785 876 817 906 in
829 875 892 912 ilia,
903 885 1149 915 nonnumquam
1161 879 1298 914 utraque
1319 884 1346 910 15

694 925 891 966 aggreditur,
915 930 1089 966 propterea
1104 925 1193 965 quod
1209 930 1298 965 tepe-

694 976 851 1007 facientes
866 977 1070 1007 extrinsecus
1081 975 1297 1006 calefactioni—

693 1027 756 1057 bus
775 1031 934 1058 conantur
949 1032 1126 1057 extenuare
1141 1025 1297 1061 dolorem,

694 1077 853 1108 rarefacta
886 1077 1048 1117 siquidem
1079 1081 1153 1107 cute
1185 1081 1298 1116 tepore

693 1127 915 1159 calefactionis
931 1132 1079 1168 permeat
1094 1127 1226 1167 spiritus
1240 1136 1299 1167 per
1317 1135 1350 1154 20

694 1188 822 1218 corpus,
842 1183 877 1209 ut
892 1178 1036 1218 quietern
1052 1177 1194 1218 aliquam
1210 1176 1300 1208 dolo·

694 1229 783 1260 ribus
805 1229 960 1259 inueniat.

749 1287 796 1310 10.
833 1278 899 1311 Sed
922 1279 1041 1310 dixerit
1063 1277 1201 1309 sortasse
1216 1278 1299 1318 quis-

695 1330 797 1370 piam:
820 1329 988 1370 quomodo
1011 1329 1109 1369 igitur
1130 1328 1299 1359 rheumata

695 1380 879 1420 procedunt
890 1390 933 1411 ex
945 1379 1076 1410 flatibus
1089 1384 1145 1410 aut
1154 1388 1298 1419 quonam
1317 1387 1347 1414 ²5

696 1435 793 1471 pacto
837 1430 1084 1470 proruptionum
1120 1430 1297 1470 sanguinis,

696 1490 771 1520 quae
779 1481 864 1511 circa
874 1486 990 1520 pectus
999 1479 1158 1516 accidunt,
1166 1479 1219 1510 hic
1227 1489 1298 1510 cau-

695 1541 766 1562 sam
784 1529 937 1562 exhibet?
963 1530 1087 1562 Verum
1105 1530 1241 1561 arbitror
1259 1540 1299 1560 ea

695 1591 827 1622 quoque
835 1587 1041 1612 ostensurum
1049 1590 1100 1611 me
1109 1580 1153 1611 ob
1159 1580 1298 1611 eandem

696 1632 764 1662 fieri
786 1641 929 1663 causam.
963 1631 1046 1662 Cum
1070 1641 1163 1662 uenae
1182 1631 1298 1671 capitis
1319 1640 1350 1666 3⁰

696 1692 770 1713 aere
791 1682 974 1722 implentur,
991 1682 1130 1722 primum
1145 1686 1299 1722 grauatur

695 1738 794 1772 caput
806 1732 937 1764 flatibus
946 1731 1218 1768 incumbentibus,
1229 1737 1298 1762 tum

695 1783 827 1823 spiritus
854 1782 1029 1814 inuoluitur
1051 1792 1110 1823 per
1131 1782 1298 1822 sanguinis

695 1833 802 1864 locum
824 1838 958 1874 propter
976 1834 1101 1864 uiarum
1119 1833 1296 1873 angustias.

695 1883 742 1915 At
757 1884 924 1924 sanguinis
944 1894 1020 1924 pars
1035 1883 1226 1914 tenuissima
1240 1893 1298 1923 per
1318 1891 1346 1918 35

696 1944 797 1965 uenas
819 1935 1018 1974 exprimitur.
1063 1933 1112 1964 Ea
1130 1934 1227 1974 igitur
1241 1933 1298 1964 hu-

695 1985 825 2016 miditas
847 1983 983 2016 collecta
998 1994 1073 2015 cum
1089 1984 1139 2021 sit,
1156 1983 1226 2014 fluit
1241 1994 1299 2024 per

695 2034 776 2065 alios
799 2040 935 2066 meatus.
979 2034 1035 2066 Ad
1058 2044 1298 2075 quamcumque

695 2090 804 2116 autem
833 2086 978 2126 corporis
1007 2090 1134 2125 partem
1156 2085 1298 2115 cunctim

696 2136 888 2175 peruenerit,
908 2135 1030 2166 ibidem
1048 2135 1209 2175 aegritudo
1225 2145 1298 2166 con·
1316 2142 1350 2168 40

747 2221 758 2248 3
778 2217 830 2240 aut
846 2214 933 2241 codex
950 2217 982 2239 at
998 2214 1074 2248 impr.
1160 2220 1192 2245 24
1209 2214 1302 2246 igitur

695 2264 750 2282 om.
769 2256 863 2287 codex.
881 2255 940 2282 add.
959 2255 1035 2290 impr.
1123 2262 1155 2288 30
1171 2263 1234 2281 aere
1251 2256 1299 2281 im-

690 2298 808 2330 plentur
823 2306 878 2325 om.
898 2298 992 2329 codex,
1011 2296 1092 2332 praeb.
1111 2297 1186 2331 impr.
