1598 2592
328 79 366 99 20

381 162 412 194 9.
457 153 486 187 οἱ
508 156 562 198 μὲν
585 152 638 187 οὖν
660 156 785 197 πυρετοὶ
807 155 859 188 διὰ
881 160 979 188 ταῦτα
1001 157 1133 196 γίνονται
1155 157 1211 188 καὶ
1232 157 1271 188 τὰ
1288 158 1368 200 μετὰ
1382 161 1441 191 τῶν
1454 166 1552 200 πορι-

281 218 338 246 τῶν
371 212 539 257 ἀλγήματα
569 215 624 246 καὶ
649 215 827 257 νοσήματα·
859 219 917 246 τῶν
945 215 979 247 δὲ
1002 214 1106 247 ἄλλων
1131 213 1382 258 ἀρρωστημάτων
1403 213 1474 248 ὅσοι
1493 217 1551 260 μὲν

282 270 376 304 εἰλεοὶ
405 271 426 316 ἢ
458 271 662 316 ἀνειλήματα,
695 271 741 305 ’ὅτι
772 271 1030 317 ἀποστηρίγματα
1056 275 1176 318 φυσέων
1205 272 1279 311 ἐστί,
1301 279 1395 306 πᾶσιν
1415 271 1552 319 ἡγεῦμαι

283 332 413 375 φανερὸν
436 330 526 363 εἶναι·
551 333 671 364 πάντων
693 333 753 374 γὰρ
775 337 833 364 τῶν
855 333 998 364 τοιοὺτων
1020 330 1144 377 ἰητρικὴ
1165 337 1219 365 τοῦ
1237 333 1414 376 πνεῦματος
1427 330 1551 376 ἀπαρθ-

250 400 263 427 5
283 400 349 422 σαι·
373 394 462 422 τοῦτο
485 392 545 433 γὰρ
568 389 641 422 ὅταν
663 393 826 433 προσπέσῃ
844 392 923 433 πρὸς
937 393 1052 428 τόπους
1068 390 1218 428 ἀπαθέας
1231 393 1287 424 καὶ
1299 390 1550 436 ἀήθεας,ὅσαρ
1595 407 1598 413 ·

281 449 414 492 τόξευμα
446 448 620 492 ἐγκείμενον
654 450 788 482 διαδὺνει
818 450 871 482 διὰ
900 455 957 494 τῆς
982 453 1115 493 σαρκός·
1144 453 1327 493 προσπίπτει
1349 451 1384 483 δὲ
1404 453 1474 484 τοτὲ
1493 452 1551 495 μὲν

281 509 360 550 πρὸς
381 510 420 540 τὰ
442 506 644 551 ὑποχόνδρια,
667 510 735 540 τοτὲ
758 509 792 540 δὲ
813 510 892 551 πρὸς
913 511 971 546 τὰς
992 510 1152 552 λαπάρας,
1174 512 1242 542 τοτὲ
1265 510 1299 542 δὲ
1322 508 1356 547 ἐς
1373 508 1550 555 ἀμφότερα·

282 567 329 599 διὸ
352 567 391 611 δὴ
413 568 468 599 καὶ
489 568 710 610 θερμαίνοντες
736 567 851 604 ἔξωθεν
873 570 1062 611 πυριήμασιν
1085 570 1258 611 πειρέονται
1280 569 1478 612 μαλθάσσιιν
1499 570 1552 602 τὸν

281 628 387 658 τόπον·
424 625 628 669 ἀραιουμενον
655 628 714 669 γὰρ
742 624 802 658 ὑπὸ
824 631 880 670 τῆς
901 628 1080 670 θερμασίης
1101 631 1155 659 τοῦ
1178 630 1374 671 πυριήματος
1395 628 1552 672 διέρχεται

234 694 266 713 10
282 687 316 717 τὸ
338 690 459 728 πνεῦμα
481 690 535 717 τοῦ
558 687 715 728 σώματος,
738 684 817 717 ὥστε
839 687 963 718 παῦλάν
985 697 1052 718 τινα
1073 687 1220 727 γενέσθαι
1241 691 1300 719 τῶν
1321 689 1433 720 πόνων.

387 752 433 776 10.
477 743 552 780 ἴσως
575 744 611 776 ἄν
633 755 679 780 τις
701 743 794 776 εἴποι·
823 750 889 781 πῶς
911 743 964 777 οὖν
986 746 1042 777 καὶ
1062 747 1102 777 τὰ
1124 743 1265 788 ῥεὺματα
1286 747 1400 787 γίνεται
1421 746 1474 778 διὰ
1493 747 1552 783 τὰς

283 803 399 846 φῦσας;
421 802 441 846 ἢ
464 805 531 835 τίνα
552 805 665 845 τρόπον
686 808 744 835 τῶν
767 801 978 846 αἱμοῤῥαγιῶν
1000 809 1058 836 τῶν
1080 805 1151 847 περὶ
1171 806 1210 836 τά
1233 806 1344 847 στέρνα
1357 804 1438 838 τοῦτ’
1455 804 1551 839 αἴτιόν

282 860 376 899 ἐστινς
400 860 487 904 οἶμαι
510 862 544 893 δὲ
565 863 620 894 καὶ
641 866 739 893 ταῦτα
762 862 911 905 δηλώσειν
935 863 987 894 διὰ
1008 867 1098 895 τοῦτο
1117 866 1272 906 γινόμενα.
1295 862 1368 896 ὅταν
1383 862 1416 896 αἱ
1429 865 1551 908 πορὶτῇ

282 921 406 964 κεφαλῇ
429 921 542 964 φλέβες
563 921 768 963 γεμισθέωσιν
790 919 895 964 ἠέρος,
917 926 1037 964 πρῶτον
1060 924 1114 964 μὲν
1137 921 1299 966 ἡκεφαλὴ
1315 923 1552 966 βαρὺνκταιτῶν

234 988 261 1014 15
283 981 402 1023 φυσέων
433 977 623 1022 ἐγκειμένων,
655 978 761 1011 ἔπειτα
791 978 917 1012 εἰλεῖται
943 981 978 1012 τὸ
1001 979 1080 1023 αἱμα
1103 979 1140 1012 οῖ)
1163 981 1396 1024 διαχ<ωρ>εῐν
1417 981 1552 1026 δυνάμε-

282 1049 332 1070 νον
363 1038 415 1070 διὰ
447 1040 500 1082 τὴν
534 1040 698 1081 στενότητα
726 1043 784 1070 τῶν
812 1037 904 1070 ὁδῶν·
939 1041 974 1071 τὸ
1002 1040 1036 1071 δὲ
1058 1040 1245 1072 λεπτότατον
1267 1045 1321 1072 τοῦ
1345 1039 1478 1084 αἵματος
1498 1038 1552 1074 διὰ
1596 1031 1598 1033 ’

282 1102 340 1128 τῶν
371 1097 492 1140 φλεβῶν
525 1095 718 1139 ἐκθλίβεται·
753 1102 842 1129 τοῦτο
871 1098 910 1142 δὴ
937 1099 971 1130 τὸ
994 1096 1085 1141 ὑγρὸν
1108 1098 1181 1131 ὅταν
1205 1098 1368 1143 ἀθροισθῇ
1390 1100 1482 1139 πολὸ,
1505 1097 1552 1143 ῥα

215 1155 273 1185 106
283 1155 320 1187 δι’
350 1155 453 1187 ἄλλων
487 1157 603 1198 πόρων·
640 1154 702 1198 ὅπη
734 1155 801 1188 δ’ἂν
833 1155 953 1199 ἀθρόον
983 1156 1132 1201 ἀφίκηται
1157 1163 1211 1190 τοῦ
1234 1160 1392 1202 σώματος,
1413 1157 1552 1192 ἐνταῦθα

386 1233 396 1252 1
417 1225 456 1253 διὰ
473 1228 546 1253 τοῦτο
565 1226 593 1252 Μ
666 1233 728 1252 ante
745 1227 852 1265 γίνονται
870 1227 931 1254 add.
949 1228 986 1259 ὡς
1004 1228 1068 1266 ἔφην
1080 1228 1104 1254 R
1116 1231 1150 1255 ut
1160 1229 1224 1255 dixi
1234 1228 1309 1255 Lasc.
1389 1235 1404 1254 2
1417 1237 1457 1265 sq.
1469 1227 1494 1257 οἱ
1505 1228 1552 1268 μὲν

283 1274 359 1303 εἴλεοὶ
377 1277 392 1313 ἢ
412 1276 573 1314 ἀνιλήμματα
590 1277 606 1314 ἢ
625 1277 842 1315 ἀποστηρήγματα
865 1277 902 1304 ὅτι
920 1279 1020 1315 φυσέιυν
1038 1279 1099 1310 ἐστί,
1116 1289 1141 1307 π.
1159 1280 1184 1317 ἢ.
1204 1290 1230 1317 φ.
1249 1290 1268 1306 ε.
1287 1279 1314 1306 A
1330 1279 1442 1308 ὁκόσοισι
1458 1279 1504 1318 μὲν
1519 1279 1552 1308 ἂν

282 1326 359 1353 εἴλεοι
384 1336 428 1363 ηεν
454 1327 607 1364 ἀνειλήματα
631 1328 647 1364 ἢ
671 1328 777 1365 στρόφοι
802 1327 903 1365 ἑτεροῖα
924 1328 1131 1367 ἀποστηρίῑματα
1149 1329 1250 1367 φύσεων
1267 1330 1322 1357 ἐνον
1338 1330 1428 1358 ἅπασιν
1443 1330 1552 1369 ‘'ff-[dolum.

283 1388 309 1414 φ.
328 1387 347 1404 ε.
366 1377 394 1403 Μ
412 1377 438 1404 ἐν
455 1377 556 1408 ἄλλοις·
584 1377 637 1404 ὅσοι
660 1378 704 1415 μὲν
726 1377 815 1405 εἴλεῖοι
836 1378 889 1405 τ’ἂν
910 1379 1042 1416 ἠλίμματα
1058 1381 1075 1417 ῆ
1094 1381 1201 1418 στρόφοι
1217 1381 1234 1418 ἢ
1253 1380 1327 1418 ἔτερα
1343 1380 1551 1420 ἀποστηρίγμπα

283 1427 382 1465 φύσεων
404 1428 470 1455 ἐστιν
491 1427 557 1454 αἴτια
575 1427 603 1454 Μ
622 1436 657 1454 m.
677 1437 714 1463 pr.
732 1428 760 1454 in
778 1437 862 1463 marg.
881 1428 967 1456 ὁκόσοι
982 1429 1103 1463 (ὁκόσοισι
1120 1430 1155 1465 Η)
1173 1430 1217 1468 μὲν
1234 1430 1265 1458 ἂν
1282 1429 1360 1458 εἷλεοὶ
1376 1429 1427 1458 εἷεν
1442 1431 1460 1469 ἢ
1477 1430 1551 1469 ⁸21²}-

284 1487 349 1515 ματα
374 1478 552 1515 (ἐνειλήμματα
578 1478 612 1510 H,
639 1479 790 1516 ἑνειλήματα
816 1479 870 1506 Zw.
893 1479 921 1506 in
944 1481 1039 1515 marg.)
1059 1481 1076 1518 ἢ
1095 1482 1233 1519 στρόφοιῆ
1253 1481 1326 1519 ἕτερα
1343 1481 1551 1520 ‹imma-(pm

283 1528 364 1565 φύσας
382 1527 443 1555 εἶναι
460 1527 526 1555 αἴτια
543 1529 632 1556 ἅπασιν
649 1529 756 1566 ἡγέομαι
774 1540 800 1567 φ.
819 1539 838 1556 ε.
857 1529 881 1555 R
898 1530 1024 1556 aliarum
1041 1533 1135 1557 autem
1152 1533 1367 1565 ‹egrotationum
1378 1530 1550 1566 quamam-

284 1587 335 1612 que
360 1580 512 1612 uertigines
537 1581 589 1604 aut
613 1580 744 1605 tortiones
770 1579 935 1606 uolutentur
954 1582 1070 1607 uariata
1083 1582 1270 1614 firmamenta
1284 1582 1414 1616 flatuum
1433 1584 1504 1609 ms
1517 1582 1549 1609 ὀι

283 1637 367 1654 causa
382 1629 442 1662 (cet.
456 1629 521 1662 om.)
539 1628 596 1660 Fil.;
615 1635 718 1655 textum
736 1630 839 1656 correxi
906 1637 923 1663 4
940 1632 1072 1658 τοιουτέων
1090 1631 1119 1658 Μ
1187 1641 1236 1668 pro
1255 1631 1354 1670 ἷητρ...
1373 1633 1449 1670 α’·καρ.
1466 1631 1548 1667 praeb.

284 1679 327 1715 μία
346 1678 443 1716 ἰητρικὴ
462 1681 505 1706 τοῦ
523 1679 662 1716 πνεύματος
679 1680 695 1716 ἡ
714 1679 833 1711 διόδευσις
851 1680 879 1707 Μ
898 1680 954 1713 Fi1.‚
976 1681 1043 1719 αἰτίη
1062 1684 1106 1709 τοῦ
1127 1682 1267 1720 πνεύματος
1278 1683 1295 1720 ή
1308 1683 1428 1715 auam-‚q
1439 1682 1548 1710 RLasc.

282 1729 413 1766 διάγνωσις
462 1729 539 1755 Foes.
557 1729 585 1755 in
603 1735 660 1755 not.
678 1729 784 1761 διάδοσις
802 1730 888 1757 Aldus
963 1739 974 1765 5
995 1731 1085 1759 ὁκόταν
1102 1732 1132 1758 Μ
1200 1732 1314 1764 ἀπαθὲας
1326 1733 1351 1760 Α
1368 1732 1482 1765 ἁπαλοὺς
1493 1733 1548 1760 MR

284 1785 345 1813 post
363 1779 460 1816 ἀήθεας
483 1779 542 1805 add.
562 1778 602 1806 καὶ
619 1779 738 1810 ἀθίκτους
756 1780 810 1806 MR
834 1792 872 1819 γρ.
891 1780 932 1808 καὶ
950 1781 1080 1813 abstineto-a:
1098 1782 1127 1808 M
1145 1791 1182 1809 m.
1199 1791 1238 1818 pr.
1256 1783 1284 1809 in
1302 1792 1387 1819 marg.
1404 1787 1433 1811 et
1448 1786 1548 1811 trucu-

284 1829 349 1855 biles
367 1829 413 1855 Pil.
432 1832 590 1863 tactumque
606 1838 661 1855 non
678 1830 856 1856 admittentia
873 1831 950 1858 Lasc.
1022 1831 1040 1858 6
1056 1832 1141 1865 διαδζνξ
1160 1833 1204 1865 A1,
1221 1833 1249 1859 in
1267 1842 1317 1861 ras.
1336 1834 1350 1861 ύ
1367 1841 1394 1860 et
1411 1844 1434 1862 ει
1449 1842 1499 1861 scr.
1510 1833 1550 1861 A·

283 1880 394 1906 διαδῧνον
413 1879 441 1905 Μ
513 1880 540 1906 δὲ
559 1888 614 1906 om,
634 1879 661 1905 M
729 1881 785 1908 τοτὲ
803 1887 844 1907 ter
856 1881 879 1907 Α
897 1882 957 1909 ποτὲ
969 1887 1010 1908 ter
1022 1882 1052 1908 M
1125 1883 1141 1908 8
1158 1883 1301 1921 θερμαίνων
1318 1884 1363 1916 Αι,
1380 1894 1464 1916 -οντες
1483 1884 1548 1912 A'M

283 1930 420 1967 πειρὲονῖαι
443 1941 467 1967 μ.
486 1930 510 1955 Α
532 1933 624 1966 πειρῶν
643 1941 667 1967 μ.
687 1930 715 1956 Μ
813 1939 830 1965 9
848 1932 922 1959 τόπον
939 1932 996 1958 AM
1012 1933 1087 1960 πόνον
1104 1933 1127 1959 R
1145 1933 1266 1960 dolorem
1286 1934 1332 1961 Pil.
1352 1934 1426 1962 Lasc.
1444 1934 1548 1973 ἂραιοῦ-

283 1990 357 2017 μενον
375 1980 429 2006 ΑΜ
447 1980 533 2006 Aldus
551 1980 715 2017 ἀραιουμὲνου
734 1980 757 2006 R
776 1980 822 2007 Fil.
841 1981 916 2010 Lasc.
993 1989 1056 2017 post
1073 1982 1215 2021 θερμασίης
1233 1984 1295 2012 add.
1313 1987 1356 2012 τοῦ
1374 1985 1475 2023 γρυπὸς
1492 1984 1547 2012 MR

287 2037 318 2056 10
335 2037 397 2064 post
413 2033 508 2067 πνεῦμα
520 2030 581 2058 add.
598 2030 638 2057 διὰ
656 2030 709 2056 MR
823 2039 849 2057 11
870 2031 923 2058 δ’ᾶν
941 2032 969 2058 Μ
1063 2032 1104 2060 καὶ
1122 2042 1177 2060 om.
1196 2034 1226 2060 M
1330 2043 1359 2062 12
1377 2039 1450 2063 τοῦτο
1468 2035 1546 2063 αἴτιόν

283 2081 336 2107 ἐστι
354 2080 381 2106 Μ
469 2088 496 2114 13
516 2080 555 2107 διὰ
577 2083 654 2107 ταῦτα
667 2080 695 2106 Μ
786 2080 841 2118 περὶ
858 2082 905 2119 τὴν
926 2083 1040 2120 κεφαλὴν
1061 2082 1086 2110 αἱ
1109 2084 1202 2121 φλέβες
1221 2084 1249 2111 Μ
1346 2093 1376 2118 14
1394 2086 1547 2124 γεμισθῶσιν

285 2131 392 2157 codices
410 2131 574 2168 γεμισθὲωσιν
586 2131 678 2165 scripsi
750 2139 776 2164 15
797 2131 899 2159 ἐνειλεῖν
917 2132 946 2158 Μ
963 2133 1052 2160 ἐνειλεῖ
1069 2142 1082 2159 ι·
1099 2134 1227 2162 ive-jaim
1238 2134 1262 2161 R
1330 2142 1392 2163 ante
1410 2135 1473 2174 αἷμα
1484 2137 1546 2163 add.

283 2183 378 2218 πνεῦμα
405 2180 467 2208 κατὰ
492 2179 542 2214 (καὶ
564 2181 588 2207 Η
611 2181 664 2206 Zw.
684 2181 711 2206 in
730 2182 824 2215 marg.)
844 2181 873 2208 τὸ
892 2182 945 2208 MR
968 2183 1072 2220 διαχέειν
1090 2184 1114 2210 Α
1131 2184 1333 2223 διαχ<ιυρ>εῖν
1350 2186 1456 2213 conieci
1472 2187 1546 2214 δονα-

286 2232 365 2268 μένων
383 2231 407 2257 Α
425 2231 558 2268 δυνάμενον
575 2231 666 2266 scripsi
684 2231 713 2258 οὐ
730 2231 834 2268 διαχέειν
851 2232 993 2270 δυναμένων
1011 2242 1065 2260 om.
1085 2234 1139 2261 MR
1211 2236 1241 2262 16
1258 2236 1285 2264 δὲ
1303 2246 1358 2263 om.
1372 2237 1405 2269 A,
1423 2237 1503 2272 praeb.
1517 2237 1546 2264 M

287 2289 316 2315 17
334 2282 397 2309 πολύ
416 2281 466 2308 ΑΗ
485 2282 538 2308 Zw.
556 2282 583 2307 in
602 2290 686 2316 marg.
705 2281 782 2308 Foes.
801 2282 828 2308 in
847 2289 903 2309 not.
923 2291 985 2309 cum
998 2285 1088 2311 multa
1105 2286 1136 2312 in
1154 2294 1242 2312 unum
1260 2288 1346 2314 coluit
1360 2286 1471 2320 Calvus.
1489 2296 1544 2315 om.

285 2332 338 2358 MR
426 2332 456 2358 18
475 2332 522 2368 ὅπη
542 2331 565 2357 Α
585 2331 644 2359 ὅπου
664 2332 692 2358 Μ
