1598 2592
146 818 296 859 VI90L.

266 1005 278 1032 5

252 1300 283 1319 10

663 561 1026 605 Griechiseher
1054 561 1199 603 Text.

782 735 900 768 ΠΕΡΙ
922 734 1078 768 ΦΥΣΩΝ.

403 825 428 848 1.
473 815 532 848 εἰσί
563 827 641 852 τινες
673 821 730 848 τῶν
763 818 904 859 τεχνέων,
936 815 971 847 αἳ
997 820 1075 847 τοῖσι
1102 817 1156 858 μὲν
1178 817 1380 858 κεκτημένοις
1401 813 1476 847 εἰσὶν
1497 812 1566 847 ὲπί-

298 887 396 913 πονοι,
430 880 507 907 τοῖσι
540 876 574 907 δὲ
604 877 788 918 χρεομένοις
821 873 970 918 ὀνήισται,
1003 875 1058 906 καὶ
1087 879 1166 906 τοῖσι
1193 875 1249 917 μὲν
1272 874 1441 917 δημότησιν
1462 874 1566 906 κοινὸν

299 934 432 976 ἀγαθόν,
455 939 532 966 τοῖσι
555 935 589 966 δὲ
611 935 914 976 μεταχειριζομένοις
936 944 1020 977 σφας
1041 934 1189 976 λυπηραί.
1222 938 1281 964 τῶν
1303 933 1338 965 δὲ
1360 933 1399 977 δὴ
1421 933 1566 965 tmolum

299 993 377 1026 ἐστὶν
410 995 551 1036 τεχνέων,
584 992 621 1036 ἢν
649 991 678 1024 οἱ
699 992 858 1035 (Έλληνες
879 993 1045 1024 καλέουσιν
1067 987 1216 1035 ἰητρικήν.
1261 989 1278 1023 ὁ
1300 993 1356 1034 μὲν
1377 993 1438 1034 γὰρ
1459 990 1566 1035 ἰητρὸς

300 1051 365 1095 ὁρεῖ
385 1064 417 1083 τε
444 1052 538 1088 δεινά,
565 1052 705 1091 θιγγάνει
727 1062 758 1082 τε
782 1049 913 1093 ἀηδέων,
936 1049 983 1082 ἐπ’
1009 1049 1192 1092 ἀλλοτρίῃσι
1212 1061 1245 1082 τε
1267 1054 1462 1094 συμφορῇσιν
1481 1047 1566 1086 ἰδίας

298 1115 472 1154 καρποῦται
505 1111 621 1146 λὺπας·
657 1109 686 1142 οἱ
716 1110 750 1141 δὲ
782 1112 941 1146 νοσέοντες
969 1108 1194 1152 ἀποτρέπονται
1221 1109 1274 1141 διὰ
1299 1110 1354 1153 τὴν
1374 1110 1485 1152 τέχνην
1506 1113 1565 1141 τῶν

300 1172 446 1213 μεγίστων
473 1174 589 1206 κακῶν,
616 1169 732 1200 νοὺσων
755 1169 857 1211 λὺπης
878 1171 978 1201 πόνων
1000 1170 1155 1200 θανάτου·
1187 1173 1264 1199 πᾶσι
1286 1169 1346 1210 γὰρ
1368 1168 1489 1204 τοὺτοις
1511 1165 1566 1199 ἆν-

300 1231 452 1272 θέστηκεν
483 1226 503 1271 ἡ
534 1226 667 1271 ἷητρική.
711 1228 826 1270 ταὺτης
856 1228 890 1259 δὲ
921 1232 977 1270 τῆς
998 1229 1110 1270 τέχνης
1131 1228 1171 1259 τὰ
1193 1229 1247 1269 μὲν
1275 1227 1403 1270 φλαῦρα
1423 1227 1566 1270 χαλεπὸν

299 1294 420 1329 γνῶναι,
455 1289 494 1319 τὰ
526 1287 560 1318 δὲ
594 1287 751 1318 σπουδαῖα
782 1284 909 1329 ῥηίδιον,
940 1287 995 1318 καὶ
1016 1288 1055 1318 τὰ
1078 1288 1132 1328 μὲν
1154 1286 1282 1330 φλαῦρα
1303 1289 1397 1318 τοῖσιν
1418 1283 1566 1329 ἰητροῐσιν

301 1348 426 1389 μουνοις
458 1346 537 1377 ἔστιν
571 1344 683 1377 εἰδέναι
711 1346 766 1377 καὶ
793 1343 829 1377 οὒ
851 1350 930 1377 τοῖσι
952 1345 1134 1388 δημότῃσιν·
1159 1342 1195 1376 οὐ
1217 1346 1277 1387 γὰρ
1300 1346 1458 1387 σώματος,
1480 1342 1566 1376 ἀλλὰ

300 1407 424 1448 γνώμης
446 1404 525 1437 ἐστὶν
548 1404 635 1447 ἔργα.
679 1403 740 1436 ὅσα
762 1406 818 1447 μὲν
840 1406 900 1447 γὰρ
922 1409 1146 1447 χειρουργῆσαι
1167 1406 1243 1447 χρή,
1261 1404 1488 1448 συνεθισθῆναι
1505 1403 1565 1436 δεῖ·

299 1466 334 1496 τὸ
367 1466 426 1506 γὰρ
459 1464 537 1500 ἔθος
569 1469 638 1506 τῇσι
670 1465 761 1506 χερσὶ
790 1464 958 1495 κάλλιστον
986 1463 1188 1495 διδασκάλιον
1211 1465 1337 1503 γίνεται·
1361 1463 1431 1505 περὶ
1452 1462 1487 1495 δὲ
1507 1466 1567 1495 τῶν

301 1522 519 1567 ἀφανεστάτων
551 1524 606 1554 καὶ
634 1523 864 1566 χαλεπωτάτων
893 1525 1075 1565 νοσημάτων
1099 1522 1173 1564 δόξῃ
1195 1523 1318 1565 μάλλον
1340 1521 1361 1565 ἢ
1382 1523 1477 1565 τέχνῃ
1497 1523 1568 1564 κρί-

403 1668 417 1687 2
436 1661 607 1698 κεκτημένοισι
625 1660 654 1686 Μ
724 1667 736 1694 3
755 1661 912 1698 χρεομένοισι
930 1660 959 1686 Μ
977 1661 1102 1698 ὠφέλιμοι
1118 1660 1144 1686 Α
1162 1660 1272 1697 ἆνήιστοι
1283 1659 1326 1686 Mr
1338 1658 1567 1697 ὄνηιπαίῐιίητέ

302 1712 413 1748 ἆνήισται
430 1711 565 1737 Ermerins
585 1710 697 1747 ι’ὄιώτησι
715 1710 786 1744 ξυνὸν
804 1710 833 1736 Μ
900 1718 917 1743 4
937 1711 1191 1748 μεταχειριζομένοισι
1209 1710 1238 1736 Μ
1255 1716 1318 1736 ante
1336 1719 1380 1747 οφ.
1398 1709 1460 1736 add.
1477 1707 1516 1738 ἰπὶ
1533 1709 1568 1743 R,

303 1771 358 1788 om.
376 1761 430 1787 AM
448 1761 534 1787 A1dus
552 1761 665 1798 λυπηρόν
683 1769 698 1786 a
715 1760 742 1787 δὲ
760 1760 789 1798 δὴ
810 1761 837 1786 Μ
856 1761 886 1798 δὴ
905 1761 930 1787 Α
1009 1762 1142 1788 τοιουτέων
1159 1760 1268 1787 codices
1355 1767 1367 1793 5
1387 1758 1440 1788 ἐστὶ
1457 1759 1486 1787 M
1504 1766 1568 1787 ante

303 1813 334 1848 ἢν
355 1811 415 1837 add.
435 1809 475 1837 καὶ
494 1810 522 1836 M
540 1810 622 1841 οὕτως
648 1818 697 1845 pro
721 1809 734 1837 ὁ
756 1810 829 1837 Serv.
914 1810 930 1837 6
948 1811 1003 1848 ὁρεῐ
1020 1811 1046 1837 Α
1062 1811 1108 1844 (Αι
1126 1817 1185 1837 mut
1203 1813 1226 1837 εἰ
1243 1810 1272 1836 in
1288 1813 1315 1847 ᾗ,
1333 1810 1370 1836 Α’
1386 1810 1522 1837 animadv.
1539 1811 1568 1837 in

303 1870 385 1896 marg.
404 1861 451 1898 ὁρῆ
475 1860 527 1888 ἀντὶ
549 1864 593 1888 τοῦ
616 1861 673 1898 ὁρᾶ)
695 1861 761 1898 ὁρέει
785 1861 814 1887 Μ
836 1869 916 1896 supra
939 1861 1049 1899 θιγγάνει
1066 1861 1103 1887 A’
1120 1860 1225 1895 scripsit
1242 1860 1336 1898 ἐγγίζει
1352 1859 1391 1886 cfr
1408 1860 1449 1888 Et.
1467 1861 1505 1888 Μ.
1524 1861 1568 1889 ed.

303 1911 431 1938 Gaisford
449 1919 531 1944 45o,11
550 1920 570 1937 s.
589 1921 613 1937 v.
633 1911 742 1949 θιγγάνει
828 1911 904 1949 5¹²9·ss-
923 1911 947 1937 A
966 1911 1110 1949 ξυμφορῆσι
1127 1911 1155 1937 Μ
1225 1918 1240 1945 7
1258 1911 1462 1938 ἀπαλλάσσονται
1479 1911 1508 1938 Μ

303 1963 320 1988 8
343 1962 438 1989 νούσων
455 1963 537 1989 πόνων
555 1962 636 1998 λύπης
655 1962 763 1988 θανάτου
783 1962 811 1987 Μ
901 1963 1022 1989 τουτέοισι
1039 1962 1154 1999 daupu:
1172 1962 1187 1998 ἡ
1209 1961 1308 1999 ἰητρικὴ
1327 1961 1355 1988 Μ
1373 1962 1508 1989 τουτέοισιν
1524 1962 1569 1989 ἇν-

302 2022 388 2050 τικρυς
408 2012 505 2049 ἰητρικὴ
525 2011 664 2049 εὑρίσκεται
681 2012 812 2049 ἀκεστορίς
830 2012 853 2038 R
938 2020 954 2046 9
971 2013 987 2049 ἡ
1007 2021 1062 2038 om.
1081 2012 1114 2044 A,
1133 2012 1214 2046 praeb.
1232 2020 1248 2038 a
1336 2020 1362 2038 11
1384 2012 1485 2050 μούνοις
1502 2013 1568 2040 ἔστιν

303 2062 394 2090 εἰδέναι
410 2070 463 2088 om.
482 2062 535 2088 MR
555 2062 678 2099 μούνοισιν
700 2063 764 2089 ἔστιν
782 2062 872 2089 εἰδέναι
890 2062 914 2088 Η
931 2062 958 2088 in
977 2071 1061 2096 marg.
1083 2062 1137 2088 Zw.
1156 2063 1183 2088 in
1202 2070 1285 2097 marg.
1305 2062 1416 2100 μούνοισι
1433 2062 1460 2090 εὖ
1478 2062 1569 2090 ειῒέναι

306 2113 382 2139 Foes.
401 2113 427 2138 in
450 2119 504 2139 not.
527 2113 638 2138 medicis
664 2115 775 2138 tantum
801 2115 867 2138 nota
892 2115 960 2138 sunt
985 2112 1086 2138 Calvus
1112 2115 1191 2140 τοῖσιν
1214 2112 1340 2150 ὢιώτησιν
1358 2112 1387 2139 Μ
1458 2120 1487 2139 12
1506 2114 1568 2151 ἔργα

306 2163 370 2190 ἐστίν
388 2163 416 2189 Μ
502 2163 552 2197 ξυν.
570 2163 594 2188 Α
612 2163 660 2200 χρὴ
681 2173 752 2200 χειρ..
770 2163 820 2197 Ευν.
839 2163 876 2189 δεῖ
894 2171 909 2188 a
927 2173 990 2200 χειρ.
1008 2163 1054 2190 δεῖ.
1074 2163 1123 2200 χρὴ
1148 2173 1199 2190 συν.
1221 2163 1249 2189 Μ
1269 2163 1473 2201 χειρουργεῖσθαι
1492 2163 1570 2190 Serv.

309 2221 335 2247 13
355 2214 526 2241 διδασκαλεῖον
545 2214 572 2239 Μ
592 2214 706 2251 μέγιστον
724 2222 772 2248 pro
792 2214 926 2240 καλλιστον
943 2213 997 2239 Zw.
1016 2213 1042 2239 in
1061 2221 1145 2247 marg.
1165 2213 1242 2239 Foes.
1260 2214 1288 2239 in
1307 2220 1364 2241 not.
1382 2215 1489 2247 optima
1496 2215 1568 2247 pret-

306 2265 391 2297 ceptio
417 2264 491 2290 Lasc.
514 2264 706 2297 pulcherrima
730 2263 822 2290 schola
844 2263 890 2289 1³11.
908 2263 1003 2289 doctor
1018 2266 1060 2289 est
1075 2264 1218 2290 maximus
1235 2263 1337 2290 Calvus
1356 2264 1446 2302 γίνεται
1463 2273 1519 2291 om.
1538 2264 1568 2290 M
