1598 2592
50 150 84 181 in
105 159 243 190 corpore
258 150 300 180 ad
314 150 520 190 prudentiam
532 149 652 181 condu-

50 205 113 232 cat.
157 199 192 232 Si
214 200 267 231 hic
282 201 380 241 igitur
390 201 524 241 sanguis
536 201 567 231 in
580 210 653 231 con-

50 250 165 282 stituta
185 255 316 282 maneat
334 251 558 291 dispositaque
574 251 653 292 figu-

54 310 97 337 ra,
121 306 231 332 manet
260 301 360 332 etiam
381 301 563 341 prudentia,
587 311 653 332 mu-

51 356 121 382 tato
161 356 271 382 autem
306 352 474 392 sanguine,
512 357 655 382 mutatur

51 402 152 432 etiam
173 402 355 442 prudentia.
392 401 459 433 Sed
477 402 567 442 quod
582 402 654 433 haec

52 453 98 483 ita
118 458 203 489 sunt,
219 451 311 492 plura
324 457 497 490 testantur;
516 453 655 493 primum

49 502 184 543 quidem
207 503 294 543 quod
317 503 537 534 animantibus
555 503 654 534 omni-

52 553 116 584 bus
138 558 189 584 est
211 563 393 589 commune,
417 563 551 585 somnus
573 554 654 594 ipse,

51 608 199 640 testatur,
228 614 304 644 quae
331 604 420 635 dicta
441 610 526 635 sunt.
573 603 655 635 Cum

51 654 139 685 enim
172 664 291 695 corpus
325 655 458 685 morbus
490 655 654 691 inuaserit,

51 709 131 735 tunc
158 704 301 745 frigescit
322 705 456 745 sanguis
478 723 518 727 —
541 710 655 735 natura

52 755 140 786 enim
163 754 315 795 frigescit,
332 761 446 786 natura
461 765 595 786 somnus
608 754 656 785 sri-

53 815 117 846 gus
135 805 259 836 inducit
271 824 321 843 ——,
337 806 496 847 sanguine
512 816 591 836 uero
607 805 656 836 sri-

53 865 116 896 gus
147 856 292 896 patiente
320 855 540 896 languidiores
573 861 655 887 tran-

53 906 136 937 situs
168 905 258 937 fiunt.
302 906 351 937 At
383 917 424 937 ne
456 907 490 938 id
523 907 655 947 quidem

53 956 230 987 obscurum
244 962 303 987 est.
339 957 473 997 Repunt
487 958 574 988 enim
589 967 656 988 cor-

55 1017 135 1048 pora
161 1017 200 1038 ac
226 1012 411 1047 grauantur,
441 1018 517 1038 nam
543 1008 656 1048 grauia

54 1057 165 1088 omnia
186 1058 338 1088 deorsum
354 1058 540 1089 naturaliter
552 1058 655 1089 serun-

53 1113 115 1138 tur.
164 1107 277 1148 Atque
307 1108 392 1139 oculi
423 1109 530 1139 iacent
556 1109 655 1139 uaria-

53 1163 172 1198 turque
193 1159 373 1198 prudentia,
390 1159 561 1199 opiniones
577 1169 655 1190 uero

53 1208 164 1239 alterae
179 1209 332 1249 quaedam
347 1209 567 1246 immorantur,
579 1220 655 1250 quae

53 1259 187 1299 quidem
202 1265 359 1290 uocantur
371 1260 539 1290 insomnia.
573 1260 655 1291 Item

53 1309 87 1340 in
109 1309 330 1347 ebrietatibus,
350 1320 424 1341 cum
441 1315 575 1350 repente
585 1320 655 1341 san-

55 1359 129 1400 guis
154 1361 311 1400 augescit,
334 1360 482 1391 recidunt
503 1361 601 1391 animi
624 1366 657 1391 et

56 1410 238 1441 animorum
260 1420 375 1441 sensus
398 1416 496 1451 atque
512 1411 657 1442 uolunta-

53 1465 115 1495 tes,
138 1461 377 1500 praeteritorum
399 1461 558 1492 malorum
580 1461 657 1492 obli-

55 1510 231 1547 uiscuntur,
254 1511 296 1542 de
313 1511 426 1542 futuris
441 1517 550 1542 autem
562 1512 657 1542 bonis

54 1560 138 1592 bene
157 1566 298 1601 sperant.
333 1560 399 1592 Sed
412 1572 543 1602 possem
557 1562 658 1593 multa

55 1610 240 1642 huiusmodi
276 1621 434 1649 enarrare,
472 1613 504 1643 in
539 1613 658 1652 quibus

54 1662 223 1702 sanguinis
271 1663 468 1693 mutationes
511 1668 658 1694 naturam

55 1717 191 1743 mutant.
223 1713 332 1753 Quare
352 1713 379 1743 si
400 1714 571 1744 uniuersus
589 1723 658 1744 san-

54 1762 129 1803 guis
140 1762 290 1794 turbatus
300 1763 403 1800 suerit.
412 1763 584 1803 prudentia
593 1774 659 1795 om-

56 1813 133 1843 nino
166 1813 300 1853 deperit.
356 1813 442 1844 Nam
478 1814 658 1854 disciplinae

54 1863 310 1894 consuetudines
353 1865 658 1905 recognitionesque

56 1918 141 1944 sunt.
187 1912 270 1944 Cum
291 1924 371 1955 ergo
394 1925 436 1945 ex
456 1915 576 1946 usitato
591 1925 659 1946 mu-

55 1969 163 1994 temur
184 1974 283 2002 more,
306 1965 478 2005 prudentia
493 1965 587 1996 nobis
603 1965 659 1996 tol-

57 2013 139 2044 litur.
183 2014 268 2046 Dico
297 2020 408 2046 autem
435 2015 586 2046 morbum
607 2025 658 2046 co-

56 2063 212 2096 mitialem
226 2065 290 2096 hoc
302 2071 400 2106 pacto
411 2065 489 2097 fieri.
518 2066 659 2107 Quando

57 2114 236 2154 permultus
254 2116 386 2156 spiritus
401 2126 460 2156 per
473 2117 659 2147 uniuersum

56 2173 177 2205 corpus
188 2165 248 2196 toti
259 2167 408 2207 sanguini
421 2167 544 2197 mixtus
555 2166 658 2202 suerit,

58 2215 227 2254 permultae
260 2216 485 2247 obturationes
516 2217 598 2248 fiunt
627 2218 659 2248 in

105 2283 121 2311 7
138 2277 224 2310 plura
241 2277 268 2304 in
282 2278 382 2311 pluria
400 2286 415 2305 a
433 2287 470 2305 m.
488 2278 520 2305 al.
540 2285 632 2305 mutat.

1234 75 1271 101 ²9

709 155 819 181 autem
841 149 918 181 nihil
942 150 974 180 in
996 159 1133 190 corpore
1155 159 1228 180 esse
1246 159 1313 189 prae

709 201 878 241 sanguine,
909 201 999 241 quod
1026 200 1149 231 homini
1176 200 1219 231 ad
1243 210 1315 240 pru-

710 251 855 282 dentiam
888 252 993 292 magis
1024 250 1170 282 conferre
1200 251 1314 291 possit.

710 301 773 332 Hic
795 302 822 332 si
844 301 954 342 positu
969 301 1176 332 conuenienti
1192 311 1315 341 perma-

710 357 797 389 neat,
821 352 906 392 sapit
928 352 1038 389 homo,
1061 352 1186 382 uariato
1205 357 1315 382 autem
1335 363 1345 389 5

711 402 870 443 sanguine
903 402 1002 433 homo
1029 402 1158 442 desipit.
1215 401 1315 442 Quod

711 458 821 484 autem
843 453 915 484 haec
938 453 1098 484 eiusmodi
1121 453 1195 490 sint,
1215 452 1316 483 multa

711 508 787 534 sunt
809 504 1004 540 testimonia,
1021 508 1054 534 et
1069 503 1210 543 primum
1225 503 1315 543 quod

712 554 863 584 omnibus
893 554 1113 585 animantibus
1142 563 1315 585 commune

711 610 772 642 est,
794 614 938 640 somnus,
962 604 1013 635 hic
1030 605 1142 645 utique
1159 604 1316 644 praedicta
1337 615 1367 634 10

712 655 891 686 confirmat.
935 654 1079 695 Quando
1109 656 1195 685 enim
1223 665 1316 686 occu<

712 711 769 746 pat
800 715 918 745 corpus
948 706 1042 746 quasi
1072 705 1214 742 morbus,
1237 711 1316 736 tunc

712 756 798 786 enim
822 755 939 796 frigefit
951 756 1124 786 —etenim
1142 761 1259 796 suopte
1272 757 1316 787 in-

712 806 809 846 genio
832 816 966 837 somnus
986 806 1144 846 frigefacit
1157 825 1206 844 -,
1225 806 1316 847 frige-

713 856 799 888 facto
833 862 943 888 autem
970 858 1129 897 sanguine
1157 857 1316 888 tardiores
1338 869 1364 894 15

712 907 793 938 fiunt
801 913 938 939 meatus.
950 906 1049 947 Quod
1057 913 1158 947 patet.
1166 907 1317 948 Vergunt

712 958 799 988 enim
827 968 966 998 corpora
988 963 1022 988 et
1043 963 1228 998 grauantur,
1252 963 1316 988 ete-

712 1009 778 1038 nim
800 1009 910 1039 omnia
932 1009 1045 1049 grauia
1067 1014 1184 1048 suapte
1201 1014 1316 1039 natura

711 1058 865 1089 deorsum
888 1059 1041 1090 seruntur.
1079 1059 1122 1090 Et
1140 1059 1224 1090 oculi
1241 1059 1317 1090 adu-

713 1115 825 1140 runtur
847 1119 1028 1150 sensusque
1044 1110 1148 1140 uariat
1164 1119 1202 1140 ac
1216 1110 1316 1150 opini-
1336 1120 1368 1139 20

712 1170 793 1190 ones
819 1160 973 1200 quaedam
1001 1159 1073 1191 aliae
1095 1161 1316 1197 immorantur,

712 1220 787 1250 quae
824 1220 903 1241 sane
939 1211 1066 1241 somnia
1102 1210 1315 1251 appellantur.

712 1260 838 1291 Rursus
854 1261 885 1291 in
901 1261 1114 1292 ebrietatibus
1128 1261 1317 1292 abundante

712 1312 871 1351 sanguine
883 1311 1062 1351 derepente
1076 1317 1241 1342 mutantur
1252 1312 1317 1342 ani-

713 1362 756 1392 mi
773 1362 1021 1402 animorumque
1038 1362 1175 1393 affectus
1187 1372 1225 1392 ac
1239 1372 1317 1402 prae-
1337 1373 1365 1399 25

713 1412 819 1442 sentia
850 1411 936 1443 mala
962 1412 1206 1449 obliuiscuntur,
1230 1412 1318 1443 bona

713 1467 845 1502 sperant
861 1462 1019 1493 absentia.
1055 1462 1189 1493 Possem
1206 1463 1317 1503 utique

713 1511 814 1543 multa
837 1512 869 1543 id
892 1523 998 1554 genus
1013 1513 1141 1551 referre,
1155 1514 1187 1544 in
1199 1513 1318 1553 quibus

713 1563 880 1603 sanguinis
896 1564 1037 1594 uarietas
1048 1569 1192 1594 mentem
1205 1564 1316 1595 uariat.

714 1613 828 1653 Itaque
859 1614 886 1644 si
915 1619 1004 1645 totus
1031 1615 1163 1655 sanguis
1186 1614 1316 1654 penitus
1336 1625 1368 1652 30

714 1663 934 1701 conturbetur,
967 1665 1100 1695 omnino
1128 1665 1317 1705 desipimus.

715 1714 800 1745 Nam
823 1714 960 1745 affectus
979 1716 1226 1756 agnitionesque
1241 1725 1316 1746 con-

714 1765 904 1796 suetudines
927 1771 1011 1796 sunt.
1049 1765 1192 1806 Quando
1208 1771 1318 1796 autem

715 1825 734 1846 a
770 1821 927 1846 consueto
969 1826 1058 1846 more
1097 1816 1316 1853 discessimus,

715 1864 837 1896 tollitur
858 1876 876 1896 e
898 1866 993 1897 nobis
1022 1866 1190 1907 sapientia.
1235 1867 1316 1898 Mor·
1337 1877 1365 1903 35

689 1954 693 1959 Ι
715 1915 793 1946 bum
816 1926 948 1957 quoque
971 1916 1167 1948 comitialem
1183 1917 1270 1948 hunc
1285 1918 1316 1948 in

715 1966 850 1997 modum
873 1966 940 1998 fieri
963 1967 1048 1998 dico.
1092 1966 1235 2007 Quando
1259 1967 1317 1998 fre-

715 2017 866 2056 quentior
883 2018 1014 2057 spiritus
1036 2028 1094 2058 per
1109 2028 1228 2058 corpus
1248 2024 1318 2049 san-

715 2067 803 2107 guini
819 2067 1002 2106 misceatur,
1017 2067 1128 2099 multae
1143 2069 1318 2099 obturatio-

715 2127 774 2148 nes
795 2117 904 2148 multis
926 2117 1005 2149 locis
1027 2117 1108 2149 fiunt
1131 2129 1190 2159 per
1205 2129 1316 2150 uenas.
1335 2128 1369 2153 40

716 2166 798 2198 Cum
829 2168 927 2208 igitur
958 2169 990 2199 in
1020 2169 1136 2200 crassis
1159 2169 1317 2210 multique

715 2218 881 2258 sanguinis
911 2220 1003 2250 uenis
1025 2229 1080 2250 aer
1102 2219 1319 2251 abundauerit

766 2287 800 2306 20
816 2282 848 2305 at
863 2280 957 2311 codex,
976 2289 1009 2307 ac
1025 2281 1101 2316 impr.
