1598 2592
0 441 2 443 >
42 421 172 454 delatus
203 431 263 462 per
294 431 333 452 os
365 420 553 461 digreditur.

41 179 202 211 egressus
251 169 338 200 Nam
366 167 645 209 quemadmodum

42 221 85 252 ab
112 219 276 252 lebetibus
297 229 427 250 sursum
449 217 571 249 multus
593 227 645 248 ua-

42 281 103 312 por
138 270 312 311 egreditur,
351 270 430 300 dum
466 278 551 309 aqua
586 267 645 299 ser-

42 321 155 358 uescit,
189 321 234 351 ita
266 320 365 351 etiam
396 329 533 360 corpore
564 317 646 349 cale—

42 375 154 403 scente
165 381 221 402 aer
231 379 410 402 conuersus
421 369 645 409 uiolenterque

603 419 646 450 Et

43 471 167 504 articuli
190 477 265 502 ante
288 471 395 502 febres
413 469 644 507 dissoluuntur,

42 522 132 554 nerui
147 522 235 554 enim
249 526 456 563 tepescentes
471 530 645 561 segregan-

42 578 103 605 tur.
155 571 204 604 At
236 572 292 603 ubi
324 571 481 612 plurimus
512 571 646 611 sanguis

42 623 165 655 accitus
196 627 416 663 congregatus
447 621 552 658 fuerit,
581 631 645 657 aer,

42 683 109 715 quo
141 674 275 714 sanguis
308 672 450 708 frixerat,
486 682 506 702 a
538 670 646 702 calore

42 729 216 765 superatus
231 733 341 754 rursus
356 721 561 754 concalescit.
598 722 645 752 In-

42 784 160 806 census
189 784 268 805 uero
300 779 399 814 atque
426 772 646 803 inflammatus

43 824 184 857 mlorem
197 824 328 855 molitur
342 824 374 854 in
389 829 496 854 totum
512 831 644 863 corpus;

41 875 143 907 habet
172 880 282 906 autem
309 874 502 915 sanguinem
524 873 647 904 adiuto-

42 936 120 963 rem,
143 925 268 966 quippe
289 925 346 965 qui
368 924 423 955 ubi
439 925 590 955 incensus
602 923 646 954 su-

42 976 112 1014 erit,
143 975 354 1016 colliquescit,
383 979 580 1005 extenuatus
608 983 646 1004 ac

8 1028 13 1030 ’
41 1026 173 1058 tabidus
201 1025 306 1057 factus
328 1025 360 1056 in
382 1025 531 1065 spiritum
553 1024 645 1054 uerti-

43 1081 103 1108 tur.
148 1076 270 1117 Spiritu
292 1086 371 1107 uero
389 1075 431 1106 ad
447 1075 646 1115 spiramenta

3 1118 14 1161 ,1⁷
42 1127 189 1168 corporis
195 1126 402 1158 incumbente
411 1125 547 1156 sudores
554 1124 645 1155 fiunt.

3 1176 7 1207 -,’
43 1176 110 1209 Sed
140 1187 216 1209 cum
245 1177 377 1218 spiritus
408 1181 529 1212 manet,
557 1181 591 1206 et
613 1175 644 1206 in

8 1228 10 1230 ’
43 1237 162 1269 aquam
184 1227 309 1263 transit,
332 1227 564 1268 digressusque
587 1236 646 1266 per

41 1278 240 1319 spiramenta
272 1278 391 1308 eodem
421 1277 522 1308 modo
552 1281 646 1307 extra

41 1338 77 1360 se
117 1328 244 1365 traiicit,
285 1326 566 1368 quemadmodum
603 1326 645 1357 ab

41 1379 135 1420 aquis
169 1378 369 1409 sementibus
402 1387 506 1417 uapor
534 1386 644 1408 ascen-

42 1429 135 1466 dens,
157 1429 185 1460 si
200 1428 341 1460 solidum
354 1428 434 1468 quid
449 1427 544 1458 suerit
555 1427 645 1467 quod

42 1479 198 1516 offendat,
213 1479 350 1510 crassior
362 1478 506 1509 redditur
518 1487 556 1508 ac
569 1478 645 1508 den-

42 1530 117 1567 sior,
150 1535 184 1560 et
216 1534 320 1570 guttae
352 1528 509 1559 decidunt
538 1527 580 1558 ab
608 1528 646 1558 iis

42 1580 244 1620 corporibus,
261 1589 335 1620 quae
350 1588 454 1619 uapor
465 1578 645 1609 offenderit.

43 1629 204 1662 Praeterea
239 1630 356 1670 capitis
391 1628 522 1659 dolores
552 1627 647 1659 simul

43 1690 118 1712 cum
141 1680 230 1711 febre
244 1680 326 1711 fiunt
340 1680 383 1711 ob
399 1679 483 1710 hanc
498 1688 646 1710 causam:

43 1731 203 1772 angustiae
240 1740 373 1771 quoque
409 1730 543 1760 exeunti
577 1739 647 1759 san-

44 1781 132 1822 guini
154 1781 237 1812 fiunt
258 1782 290 1812 in
313 1781 430 1820 capite,
453 1779 607 1820 quoniam
626 1780 646 1809 ii

44 1832 198 1863 transitus
213 1841 287 1862 aere
299 1830 507 1871 impleantur;
523 1829 647 1870 impleti

45 1891 133 1918 uero,
160 1882 215 1913 ubi
238 1881 383 1912 accessio
406 1890 538 1921 quoque
561 1879 647 1911 facta

10 1939 12 1954 ;
44 1932 95 1970 sit,
125 1933 157 1963 in
179 1938 278 1973 caput
306 1931 453 1962 dolorem
479 1930 645 1961 inducunt.

12 2005 13 2009 ,
44 1981 90 2014 Vi
119 1983 205 2013 enim
233 1982 367 2023 sanguis
394 1991 452 2022 per
474 1986 647 2022 angustam

45 2038 180 2064 coactus
194 2033 291 2069 uiam,
307 2042 381 2064 cum
396 2032 438 2063 sit
451 2031 585 2068 calidus,
598 2040 646 2062 ce-

12 2115 16 2127 ,
45 2081 153 2114 leriter
174 2083 309 2114 transire
331 2092 397 2113 non
413 2087 531 2122 potest.
566 2080 646 2112 Mul-

12 2129 16 2136 '
45 2138 80 2164 ta
101 2133 188 2164 enim
209 2138 285 2164 sunt
300 2132 446 2169 obuiam,
461 2132 580 2172 quibus
593 2132 648 2162 im-

46 2183 196 2224 pediatur
221 2183 484 2223 obstruaturque.
532 2182 647 2222 Itaque

46 2233 167 2264 circum
203 2238 352 2274 tempora
386 2238 556 2273 tamquam
591 2242 649 2272 per

14 2295 19 2334 ζ
46 2283 182 2315 malleos
203 2283 404 2324 pulsationes
426 2283 516 2314 fiunt.

98 2345 128 2372 18
144 2346 277 2378 spirarum
295 2345 323 2371 in
341 2353 391 2371 ras.
409 2344 443 2372 al.
462 2353 489 2370 m

1222 90 1259 117 19

701 166 848 198 ascendit
877 165 1022 197 seruente
1048 175 1143 206 aqua,
1166 165 1213 196 sic
1235 175 1302 196 cor-

700 227 779 258 pore
808 217 907 248 etiam
929 215 1087 248 calefacto
1109 216 1224 246 transit
1245 226 1304 256 per

701 277 740 298 os
762 277 818 298 aer
839 266 1034 298 conuolutus
1057 277 1095 298 ac
1118 267 1150 297 ui
1166 265 1301 297 delatus.

702 317 744 349 Et
763 317 886 349 articuli
902 317 1124 348 dissoluuntur
1143 316 1241 354 febre,
1258 322 1303 347 te-

701 368 821 408 pefacti
843 367 1004 408 siquidem
1026 367 1117 399 nerui
1139 367 1304 398 remittun·
1324 377 1335 402 5

701 423 761 450 tur.
805 418 947 460 Quando
969 428 1048 449 uero
1064 418 1096 449 in
1112 427 1212 448 unum
1228 427 1303 448 con-

702 470 827 500 uenerit
849 474 964 500 coacta
985 468 1123 509 plurima
1145 478 1220 508 pars
1234 478 1304 499 san-

702 520 818 560 guinis,
831 519 939 550 calefit
950 529 1059 550 rursus
1071 528 1135 555 aer,
1146 519 1200 559 qui
1214 518 1304 559 frige-

703 570 814 601 fecerit
841 570 1043 610 sanguinem,
1067 569 1173 600 uictus
1195 568 1303 600 calidi-

701 626 778 658 tate,
810 621 992 661 igneusque
1021 625 1054 650 et
1080 620 1225 650 candens
1247 629 1305 659 per
1326 629 1356 648 ιο

702 676 808 702 totum
839 681 958 711 corpus
984 669 1126 701 calorem
1149 670 1304 701 excitauit

702 721 945 762 opitulaturque
967 721 997 751 ei
1020 721 1166 761 sanguis;
1189 719 1304 760 liques-

702 772 746 803 cit
768 772 854 802 enim
877 771 1072 802 seruefactus
1094 770 1195 811 fitque
1211 780 1252 801 ex
1265 780 1305 801 eo

702 823 842 862 spiritus.
887 821 1007 862 Spiritu
1039 827 1148 852 autem
1180 821 1211 851 in
1241 830 1305 851 me-

702 878 776 904 atus
788 872 933 913 corporis
949 872 1156 903 incumbente
1168 871 1304 902 sudores
1326 882 1352 908 15

702 922 793 960 fiunt,
825 933 900 953 nam
927 923 1058 962 spiritus
1084 922 1305 953 condensatus

703 974 734 1004 in
766 983 886 1014 aquam
918 972 1006 1004 cedit
1038 967 1216 1012 meansque
1248 982 1306 1012 per

702 1034 802 1064 poros
825 1023 911 1054 foras
929 1023 1045 1054 transit
1059 1023 1178 1053 eodem
1194 1022 1304 1058 modo,

702 1085 768 1114 quo
799 1085 819 1105 a
846 1073 1057 1105 bullientibus
1090 1074 1183 1113 aquis
1216 1073 1304 1113 quod

702 1124 851 1156 exalatur
882 1124 1020 1161 rediens,
1047 1124 1074 1154 si
1101 1124 1306 1154 nanciscatur
1324 1132 1358 1152 20

701 1175 899 1206 soliditatem
916 1175 949 1205 in
965 1184 1063 1214 quam
1073 1174 1204 1210 incidat,
1215 1174 1304 1214 ping-

703 1225 806 1256 uescit
824 1225 1119 1265 condensaturque,
1135 1229 1304 1264 guttaeque

702 1276 859 1307 excidunt
881 1286 900 1307 a
922 1275 1123 1316 corporibus,
1151 1284 1225 1315 quae
1251 1285 1304 1305 ex-

702 1326 898 1357 alationibus
912 1331 1129 1366 opponuntur.
1164 1325 1304 1356 Dolores

702 1387 781 1407 uero
814 1377 930 1416 capitis
962 1377 1082 1416 pariter
1112 1385 1185 1406 cum
1215 1375 1304 1406 febre
1324 1385 1353 1411 25

702 1427 864 1458 accedunt
878 1426 940 1457 hac
955 1436 997 1456 ex
1010 1436 1123 1457 causa:
1143 1426 1305 1456 meatibus

702 1478 869 1518 sanguinis
896 1477 1048 1516 angustia
1075 1477 1107 1507 in
1129 1477 1236 1516 capite
1259 1476 1304 1512 fit,

703 1537 777 1558 aere
800 1527 961 1567 siquidem
984 1526 1161 1567 replentur,
1191 1526 1304 1567 repleti

703 1584 814 1609 autem
845 1583 1131 1617 tumescentesque
1158 1577 1305 1607 dolorem

703 1629 735 1659 in
747 1629 855 1669 capite
867 1633 1035 1668 generant.
1068 1627 1155 1658 Nam
1172 1628 1305 1668 sanguis
1325 1637 1359 1663 30

703 1678 862 1709 uiolenter
880 1679 1003 1709 irruens
1019 1683 1158 1718 angusta
1171 1678 1222 1709 uia
1234 1677 1305 1708 cali-

703 1729 765 1759 dus
787 1729 949 1760 exsistens
971 1728 1084 1769 nequit
1106 1734 1305 1759 transmeare

703 1778 860 1810 celeriter.
906 1778 1010 1809 Multa
1044 1779 1130 1809 enim
1159 1779 1219 1818 ipsi
1247 1789 1306 1819 op-

703 1835 867 1870 ponuntur
894 1829 1127 1869 impedimenta
1153 1834 1187 1859 et
1213 1829 1305 1869 quasi

703 1885 806 1920 septa,
830 1885 963 1920 propter
977 1880 1067 1920 quod
1083 1879 1195 1920 pulsus
1207 1880 1304 1910 etiam
1326 1889 1355 1915 35

703 1930 787 1962 circa
809 1936 957 1970 tempora
979 1930 1149 1961 exsistunt.

1324 2139 1358 2164 40

757 2301 787 2327 18
800 2301 943 2336 profiaras,
954 2301 1027 2335 quod
1037 2300 1089 2334 leg.
1098 2301 1124 2326 in
1133 2301 1219 2335 impu,
1227 2300 1306 2335 praeb.

704 2351 799 2369 means
817 2343 906 2369 codex
974 2343 1006 2369 28
1024 2343 1125 2376 replete
1143 2342 1228 2368 codex
