1598 2592
246 392 256 417 5

322 60 340 89 8

377 151 407 175 2.
450 148 508 175 τῶν
535 143 570 175 δὲ
596 143 636 186 δὴ
658 143 775 175 νοῦσων
799 140 945 174 ἁπασέων
969 139 986 174 ὁ
1009 143 1063 185 μὲν
1086 144 1201 184 τρόπος
1222 139 1331 179 ωὑτός,
1354 139 1372 174 ὁ
1393 142 1429 175 δὲ
1449 144 1549 180 τόπος

277 203 429 247 διαφέρει·
454 203 540 235 δοκεῖ
563 204 618 246 μὲν
640 200 694 234 οὖν
716 198 805 234 οὐδὲν
827 199 961 234 ἐοικέναι
982 202 1022 233 τὰ
1043 203 1208 244 νοσήματα
1226 199 1410 245 ἀλλήλοισιν
1424 201 1563 247 &adp-

277 260 467 306 ἀλλοιότητα
488 267 548 294 τῶν
571 264 682 299 τόπων,
705 260 769 293 ἔστι
791 261 825 292 δὲ
848 262 905 303 μία
926 263 1051 293 πασέων
1073 261 1191 293 νοὺσων
1212 261 1268 293 καὶ
1289 259 1357 304 ἰδέη
1378 261 1435 293 καὶ
1451 258 1549 306 αἰτίη.

276 322 389 364 ταὺτην
412 321 456 358 δέ,
478 319 546 364 ἥτις
568 319 658 358 ἐστίν,
681 321 734 352 διὰ
756 324 810 352 τοῦ
834 320 1003 362 μέλλοντος
1025 320 1122 360 λόγου
1144 322 1264 364 φράσαι
1284 321 1486 363 πειρήσομαι.

378 388 407 420 3.
451 381 490 412 τὰ
519 381 652 423 σώματα
681 380 736 412 καὶ
767 380 807 411 τὰ
835 384 892 411 τῶν
921 378 1025 411 ἄλλων
1048 381 1132 421 ζῴων
1154 380 1270 411 καὶτὰ
1291 384 1349 411 τῶν
1372 377 1548 422 ἀνθράκων

223 448 268 480 94
277 437 336 471 ὑπὸ
367 444 496 482 τρισσῶν
530 440 666 483 τροφέων
699 440 855 482 τρέφεται·
889 443 959 480 τῇσι
989 438 1023 470 δὲ
1050 443 1182 482 τροφῇσι
1207 438 1282 470 τάδε
1304 436 1445 481 ὀνόματά
1465 435 1562 476 ἔστι·

229 687 260 706 10

230 982 256 1007 ¹5

277 501 359 531 σιτία
380 500 461 531 ποτὰ
483 503 616 541 πνεῦμα.
649 502 771 541 πνεῦμα
793 498 827 530 δὲ
848 498 883 529 τὸ
907 499 960 540 μὲν
983 495 1014 529 ἐν
1036 502 1115 529 τοῖσι
1137 499 1278 540 σώμασιν
1293 501 1378 541 φῦσα
1391 497 1548 535 καλεῖται,

276 559 310 590 τὸ
337 558 372 590 δὲ
399 557 456 595 ἔξω
486 563 544 589 τῶν
576 559 726 600 σωμάτων
755 555 772 588 ὁ
795 555 867 600 ἀήρ.
899 554 991 592 οὖτος
1013 557 1047 588 δὲ
1069 558 1214 599 μέγιστος
1235 555 1267 589 ὲν
1289 561 1368 588 τοῖσι
1387 561 1466 589 πᾶσι
1485 560 1546 588 τῶν

277 619 396 649 πάντων
419 617 574 659 δυνάστης
596 615 689 648 ἐστίν·
719 615 802 652 ἄξιον
825 613 951 648 δἀὐτοῦ
973 617 1160 659 θεήσασθαι
1181 617 1235 659 τὴν
1258 616 1397 659 δι’)ναμιν.
1430 614 1548 659 ἄνεμος

276 679 336 719 γάρ
359 675 438 708 ἐστιν
459 674 554 719 ἠέρος
577 673 678 718 ῥεῦμα
701 676 756 707 καὶ
777 679 896 718 χεῦμα·
921 673 993 707 ὅταν
1016 672 1069 707 οὖν
1092 675 1192 711 πολὺς
1214 673 1276 718 ἀὴρ
1297 673 1426 718 ἰσχυρὸν
1444 672 1548 718 ῥεῦμα

277 737 404 778 ποιήσῃ,
437 737 476 767 τά
508 746 541 766 τε
573 735 703 777 δένδρεα
733 733 921 766 ἀνασπαστὰ
942 732 1095 777 πρόῤῥιζα
1117 736 1230 775 γίνεται
1252 735 1304 766 διὰ
1325 735 1380 778 τὴν
1402 734 1471 778 βίην
1492 737 1550 766 τοῦ

276 795 462 837 πνεῦματος,
494 796 528 826 τό
559 805 591 825 τε
617 794 756 834 πέλαγος
777 795 970 836 κυμαίνεται,
993 792 1129 830 ὁλκάδες
1150 805 1183 825 τε
1206 793 1335 826 ἄπλετοι
1355 798 1398 836 τῷ
1420 793 1550 836 μεγέθει

277 851 534 895 διαῤῥιπτεῦνται·
570 853 712 895 τοιαὺτην
743 854 798 895 μὲν
830 850 883 884 οὖν
910 851 940 884 ἐν
967 853 1087 889 τοὺτοις
1113 852 1180 896 ἔχει
1203 853 1342 895 δὺναμιν.
1376 850 1463 884 ἀλλὰ
1484 853 1548 897 μὴν

277 911 341 943 ἐστί
361 923 396 952 γε
418 916 455 954 τῇ
478 914 533 955 μὲν
556 910 625 955 ὄψει
648 909 781 955 ἀφανής,
804 917 846 953 τῷ
868 911 902 943 δὲ
925 912 1064 954 λογισμῷ
1087 914 1231 955 φανερός.
1253 913 1282 944 τί
1302 912 1363 954 γὰρ
1386 910 1459 944 ἄνευ
1472 911 1548 943 τοὺ·-

277 982 330 1002 του
363 970 469 1011 γένοιτ’
504 970 556 1008 ἄνς
589 969 610 1014 ἢ
637 972 718 1006 τίνος
749 967 840 1006 οὖτος
867 969 1006 1008 ἄπεστιν;
1034 969 1054 1014 ἢ
1077 973 1132 1002 τίνι
1154 968 1191 1002 οὖ
1213 972 1438 1013 συμπάρεστινς
1461 968 1548 1003 ἅπαν

277 1031 336 1072 γὰρ
368 1031 403 1061 τὸ
437 1029 549 1072 μεταξὺ
583 1034 641 1072 γῆς
673 1041 705 1060 τε
735 1030 791 1061 καὶ
821 1027 955 1072 οὐρανοῦ
977 1031 1153 1072 πνεῦματος
1175 1029 1309 1072 ἔμπλεον
1332 1028 1422 1062 ἐστιν.
1454 1033 1546 1062 τοῦτο

277 1089 332 1120 καὶ
351 1093 505 1132 χειμῶνος
527 1089 582 1120 καὶ
603 1089 717 1131 θέρεος
740 1087 845 1126 αἴτιον,
868 1087 899 1120 ὲν
923 1090 977 1131 μὲν
999 1094 1041 1131 τῷ
1062 1094 1191 1132 χειμῶνι
1213 1090 1327 1121 πυκνὸν
1349 1089 1406 1121 καὶ
1426 1088 1548 1133 ψυχρὸν

276 1150 443 1190 γινόμενον,
474 1145 505 1179 ὲν
535 1147 569 1179 δὲ
595 1153 637 1190 τῷ
659 1149 747 1190 θέρει
769 1145 851 1190 πρηῧ
874 1149 929 1179 καὶ
950 1148 1096 1190 γαληνόν.
1133 1146 1218 1180 ἀλλὰ
1241 1150 1301 1192 μὴν
1323 1146 1415 1191 ἡλίου
1436 1158 1469 1180 τι
1489 1147 1549 1180 καὶ

278 1206 411 1249 σελήνης
440 1207 496 1238 καὶ
526 1206 645 1249 ἄστρων
678 1205 751 1242 ὁδὸς
782 1207 834 1238 διὰ
864 1211 918 1238 τοῦ
945 1207 1119 1250 πνεῦματός
1146 1205 1240 1239 ἐστιν·
1268 1213 1310 1249 τῷ
1332 1208 1392 1250 γὰρ
1414 1206 1489 1250 πυρὶ
1508 1206 1548 1239 τὸ

381 1276 390 1294 1
411 1269 520 1296 νουσέων
536 1268 561 1294 Α
579 1269 675 1296 νούσων
693 1268 721 1294 Μ
739 1268 821 1300 ωὑτός
838 1268 863 1294 Α
882 1268 895 1296 ὁ
913 1268 990 1300 αὐτός
1002 1269 1031 1295 Μ
1099 1270 1193 1307 τρόπος
1205 1277 1254 1304 pro
1266 1270 1344 1300 τόπος
1355 1269 1385 1296 Μ
1397 1271 1458 1295 tuna
1469 1268 1547 1295 lom

277 1319 357 1349 idem,
376 1321 435 1345 tum
454 1319 552 1345 modus
568 1319 754 1352 dffrentiam
763 1319 841 1353 facit
858 1319 904 1345 Fil.
923 1319 937 1346 ὁ
955 1319 976 1346 δ.
989 1329 1011 1347 τ.
1023 1319 1045 1347 δ.
1058 1327 1114 1346 om.
1131 1328 1144 1346 r
1162 1319 1263 1346 Calvus
1281 1319 1357 1347 Lasc.
1431 1326 1447 1346 2
1464 1319 1547 1348 δοκέει

277 1369 386 1395 codices
405 1369 430 1396 ἐν
447 1369 536 1400 ἄλλοις
554 1371 690 1408 γράφεται·
708 1370 788 1397 δοκέει
806 1370 851 1407 μὲν
868 1369 912 1397 οὖν
925 1380 967 1407 μοι
977 1369 1010 1397 τὰ
1021 1372 1152 1408 νοσήματα
1161 1371 1251 1401 ἄλλοις
1263 1371 1369 1398 ἑοικέναι
1379 1370 1420 1398 διὰ
1429 1370 1477 1408 τὴν
1487 1369 1548 1398 ἂνο-

278 1420 399 1457 μοιὸτητα
416 1419 445 1445 Μ
462 1420 489 1446 in
506 1428 590 1455 marg.
603 1428 619 1446 a
631 1428 667 1446 m.
680 1428 717 1455 pr.
735 1420 815 1447 δοκέει
833 1420 877 1458 μὲν
895 1419 939 1447 οὖν
957 1431 999 1458 μοι
1015 1420 1047 1448 τὰ
1064 1422 1210 1459 νουσήματα
1227 1420 1298 1448 οὐδὲν
1314 1421 1428 1449 ἄλλοισιν
1439 1421 1547 1449 ἑοικέναι

277 1469 317 1497 διὰ
341 1470 388 1507 τὴν
414 1470 567 1507 ἀλλοιότητα
594 1469 634 1497 καὶ
660 1470 827 1508 ἀνομοιότητα
848 1470 872 1497 R
897 1470 971 1497 Lasc.
995 1481 1037 1508 μοι
1055 1477 1082 1497 et
1099 1470 1140 1498 καὶ
1157 1471 1230 1509 ἀνομ.
1249 1480 1306 1498 om.
1323 1471 1412 1498 Aldus
1427 1470 1548 1506 (-AM)

278 1520 348 1548 οὐδὲν
366 1529 422 1547 om.
440 1529 453 1547 r
470 1521 545 1547 Lasc.
626 1523 746 1554 propter
761 1522 809 1548 loc.
827 1523 993 1548 uarietatem
1012 1522 1058 1548 Fil.
1077 1522 1213 1560 ἀλλήλοισι
1231 1522 1260 1549 Μ
1347 1529 1359 1557 3
1378 1525 1430 1550 τῶν
1446 1522 1547 1550 νοὸσων

278 1571 394 1598 ἁπασέων
416 1571 444 1597 Μ
467 1572 584 1599 ἁπασέων
606 1579 660 1598 om.
680 1571 752 1599 Serv.
772 1572 839 1609 αἰτίη
857 1573 874 1610 ἠ
893 1572 965 1610 αὐτή.
983 1573 1020 1604 τίς
1038 1573 1065 1599 δέ
1082 1573 1148 1600 ἐστιν
1165 1573 1228 1611 αὕτη
1247 1573 1276 1600 Μ
1352 1579 1371 1605 4
1386 1561 1546 1611 πειράσωμαι

279 1622 303 1648 Α
320 1623 471 1659 πειρήσομαι
489 1621 517 1647 Μ
597 1630 607 1655 5
627 1621 659 1649 τὰ
676 1622 724 1660 γὰρ
743 1623 808 1660 σώμ.
827 1632 848 1650 τ.
867 1623 940 1660 ἀνθρ.
959 1634 981 1650 κ.
999 1633 1021 1650 τ.
1039 1623 1063 1651 ἀ.
1082 1623 1107 1653 ζ.
1126 1623 1155 1649 Μ
1239 1623 1256 1650 6
1274 1623 1322 1651 ἀπὸ
1335 1623 1365 1650 Μ
1376 1623 1498 1660 τρισσόων
1514 1622 1544 1650 M

278 1676 380 1709 τροφῶν
403 1672 511 1699 codices
533 1673 666 1710 τρέφονται
683 1672 712 1698 Μ
730 1673 782 1700 ἔστι
799 1673 825 1700 δὲ
843 1683 864 1700 τ.
882 1683 921 1711 τρ.
938 1674 998 1700 ταδε
1016 1674 1051 1701 δν.
1070 1676 1128 1701 σῖτα
1144 1674 1209 1702 ποτὰ
1225 1674 1352 1711 πνεύματα
1370 1673 1399 1700 Μ
1417 1673 1545 1711 οὐνόματα

278 1722 303 1748 A
405 1731 420 1757 7
443 1729 503 1757 post
529 1725 624 1760 πνεῦμα
650 1731 688 1757 pr.
712 1723 750 1750 ὅτι
771 1723 799 1751 τὸ
821 1727 918 1761 πνεῦμα
938 1724 1029 1760 διχῶς·
1051 1727 1148 1762 πνεῦμα
1168 1725 1184 1762 ἡ
1205 1726 1272 1762 φῦσα
1290 1722 1330 1751 καὶ
1347 1726 1444 1762 πνεῦμα
1460 1723 1474 1751 ὁ
1492 1723 1545 1762 ἀὴρ

278 1773 304 1799 ἐν
321 1775 375 1804 τοῖς
398 1773 510 1810 σώμασιν
532 1773 591 1799 add.
610 1773 644 1805 A,
662 1782 717 1800 om.
736 1774 764 1799 M
861 1775 988 1812 πνεύματα
1005 1774 1032 1802 δὲ
1049 1774 1081 1801 τὰ
1099 1786 1125 1812 μ.
1143 1775 1169 1801 ἐν
1186 1784 1208 1801 τ.
1227 1775 1292 1812 σώμ.
1310 1777 1387 1812 φῦσαι
1404 1774 1545 1806 καλέονται,

278 1823 309 1850 τὰ
326 1823 352 1850 δὲ
371 1823 390 1850 ἐ.
408 1833 430 1850 τ.
449 1824 513 1860 σώμ.
532 1823 582 1860 ἀήρ
601 1823 629 1849 Μ
722 1823 738 1849 8
756 1824 781 1850 ἐν
799 1827 864 1851 τοῖσι
881 1828 940 1852 πᾶσι
956 1828 1008 1851 τῶν
1025 1826 1124 1852 πάντων
1141 1824 1166 1850 A
1184 1824 1210 1851 ἐν
1227 1825 1304 1852 ἅπασι
1320 1827 1371 1851 τῶν
1389 1825 1546 1862 συμπτωμά·
1593 1828 1598 1834 ”

278 1884 329 1900 των
347 1874 375 1899 Μ
394 1875 542 1911 συμπάντων
569 1874 639 1900 coni.
659 1873 730 1900 Erm.
826 1883 843 1909 9
861 1875 926 1902 ἐστίν
948 1875 1025 1910 ponit
1043 1881 1104 1910 post
1123 1876 1238 1913 μέγιστος
1257 1875 1285 1901 Μ
1302 1875 1330 1902 δὲ
1347 1875 1376 1901 Μ
1393 1875 1501 1913 ἀνευμος
1517 1875 1545 1902 Α

277 1924 323 1957 (A'
335 1932 414 1958 supra
427 1934 454 1951 ευ
466 1924 569 1958 scripsit
581 1925 602 1957 ε)
677 1932 708 1951 10
719 1931 781 1951 ante
793 1925 872 1962 ῥεῦμα
884 1925 944 1952 add.
957 1925 986 1953 τὸ
999 1925 1028 1952 Μ
1099 1933 1125 1951 11
1141 1925 1229 1962 δένδρα
1242 1925 1265 1951 Α
1278 1925 1380 1962 δένδρεα
1393 1925 1422 1951 Μ
1433 1925 1544 1963 πρόριζα

279 1974 303 2000 Α
320 1974 365 2008 (A¹
378 1974 438 2000 add.
452 1975 476 2011 ρ)
493 1974 521 2000 Μ
539 1974 626 2001 Aldus
644 1975 781 2001 radicitus
800 1975 847 2001 Fil.
867 1984 921 2002 om.
941 1976 964 2002 R
983 1975 1057 2002 Lasc.
1069 1974 1172 2002 Calvus
1185 1976 1280 2013 γίνηται
1292 1975 1320 2001 Μ
1392 1982 1421 2002 12
1439 1975 1468 2003 τὸ
1480 1975 1506 2003 δὲ
1518 1975 1543 2002 Α

279 2025 307 2051 τό
325 2034 351 2051 τε
370 2024 398 2050 Μ
492 2025 619 2062 ἀπείρατοι
636 2025 660 2050 Α
678 2025 775 2062 ἄπειροι
791 2027 828 2062 τῷ
843 2026 871 2051 Μ
890 2026 1031 2063 ἀπείρανιοι
1048 2026 1119 2052 coni.
1138 2025 1215 2052 Diels
1233 2026 1335 2053 ὰλετοι
1350 2025 1400 2060 (cfr
1417 2026 1542 2064 ‹insufflav-

280 2074 386 2101 ἄπλετον
403 2074 468 2101 Plat.
482 2074 546 2109 Leg.
558 2075 609 2109 676
621 2075 651 2109 Β)
667 2075 734 2101 mihi
752 2076 893 2110 proposuit
910 2083 1060 2111 praeceptor
1071 2084 1149 2103 meus
1163 2076 1326 2103 Danielsson
1339 2079 1426 2102 tantoe
1436 2077 1543 2110 magni·

281 2125 375 2150 tudini
390 2133 445 2151 non
463 2128 578 2151 assuetoe’
596 2125 696 2152 Calvus
768 2133 795 2160 13
816 2126 842 2157 ἐς
861 2126 923 2163 ὖψος
941 2127 1107 2164 διαρίπτονται
1119 2127 1148 2152 Μ
1160 2127 1340 2164 διαριπτεῦνται
1350 2127 1375 2153 Α
1386 2127 1432 2160 (A²
1444 2127 1505 2154 add.
1518 2127 1544 2165 ρ)

281 2174 323 2202 οὖν
341 2183 395 2201 οῐη.
414 2175 456 2201 Mr
523 2177 656 2203 τουτέοισιν
674 2176 702 2202 Μ
778 2183 808 2208 14
825 2176 882 2203 ἄνευ
900 2177 1001 2204 τουτέου
1020 2177 1131 2214 γενοίατο
1149 2177 1178 2203 ἂν
1195 2177 1298 2215 (γένοιτο
1317 2177 1379 2211 R)M
1451 2184 1478 2211 15
1499 2177 1542 2205 οὖ·

281 2235 331 2255 τος,
350 2225 381 2251 al.
401 2234 436 2251 m.
455 2226 539 2256 ἐόντος
557 2226 581 2251 H
600 2226 752 2263 Ευμπάρεστι
770 2226 877 2253 codices
895 2227 931 2260 (-ν
948 2227 983 2261 Α)
1070 2226 1100 2254 16
1118 2237 1145 2254 τε
1163 2236 1218 2254 om.
1238 2228 1265 2253 M
1284 2228 1392 2265 ἔμπλεον
1409 2227 1460 2254 ΑΗ
1479 2227 1542 2265 ξύμ·

280 2275 355 2302 πλεον
374 2275 401 2301 Μ
421 2275 467 2301 Pil.
487 2277 615 2313 συμπνέων
637 2285 649 2302 r
666 2276 740 2303 Serv.
760 2277 831 2303 Lasc.
935 2278 987 2304 ἐστι
1005 2277 1032 2303 Μ
1147 2277 1177 2304 18
1194 2277 1260 2315 πραὺ
1278 2278 1307 2304 Μ
1325 2288 1352 2305 τε
1370 2286 1425 2305 om.
1444 2278 1473 2304 M

283 2333 313 2359 19
331 2326 442 2361 ἀστέρων
460 2326 533 2352 Serv.
552 2327 603 2353 ἐστι
620 2326 649 2352 Μ
