1598 2592
338 95 375 122 14

291 173 434 214 άρμοστα
457 169 519 203 οὔτ’
545 169 729 214 ἀνάρμοστά
751 170 841 210 ἐστιν,
871 170 942 204 ἀλλ’
965 170 1057 214 ἕτερα
1078 170 1208 215 ἑτέροισι
1230 173 1378 216 σι’)μφορα
1398 173 1454 205 καὶ
1466 171 1563 216 ἕτερα,

291 228 407 272 ἑτέροις
436 229 616 274 ἀσὺμφορα.
654 229 727 263 ὅταν
754 233 810 274 μὲν
833 228 885 263 οὖν
909 229 926 263 ὁ
950 229 1011 275 ἀὴρ
1033 232 1197 263 τοιοῦτοισι
1218 232 1354 275 χρωσθῇ
1378 233 1563 276 μιάσμασιν,

291 289 312 320 ἃ
333 293 371 331 τῇ
395 287 576 332 ἀνθρωπείῃ
599 290 689 333 φῦσει
710 290 847 332 πολέμιά
869 288 959 328 ἐστιν,
983 289 1146 333 ἄνθρωποι
1166 293 1234 323 τότε
1249 293 1418 329 νοσέουσιν,
1437 289 1511 324 ὅταν
1524 290 1564 325 δὲ

290 346 383 390 ἑτέρῳ
405 349 460 379 τινὶ
481 347 566 380 ἔθνει
589 350 673 390 ζῴων
697 347 894 391 ἀνάρμοστος
917 347 934 381 ὁ
958 347 1019 393 ἀὴρ
1041 351 1175 392 γένηται,
1197 354 1284 382 κεῖνα
1305 352 1373 382 τότε
1390 351 1564 392 νοσέουσιν.

260 417 270 443 5
392 415 420 447 7.
467 406 499 439 αἱ
521 409 577 450 μέν
599 419 650 440 νυν
672 408 822 452 δημόσιαι
843 407 953 441 ἐοῦσαι
974 414 1032 441 τῶν
1053 410 1170 441 νοὺσων
1193 408 1337 452 εἴρηνται,
1359 410 1416 442 καὶ
1429 407 1565 444 otmunt

291 464 346 498 ἀπ’
378 465 446 498 ὅτευ
477 468 622 507 γίνονται.
658 468 708 499 τὸν
739 468 773 499 δὲ
804 468 843 511 δὴ
873 468 925 499 διὰ
951 469 1088 511 πονηρὴν
1111 468 1229 500 δίαιταν
1251 471 1408 511 γινόμενον
1429 469 1561 512 πυρσῶν

290 525 425 567 διέξειμι.
462 528 583 569 πονηρὴ
606 526 640 557 δέ
662 524 742 558 ἐστιν
765 525 786 570 ἡ
809 527 914 570 τοιήδε
937 527 1050 564 δίαιτα,
1073 531 1162 559 τοῦτο
1186 529 1240 570 μὲν
1263 526 1336 559 ὅταν
1357 539 1404 564 τις
1423 528 1566 565 πλέονας

289 586 417 628 τροφάς,
440 582 538 626 ὑγρὰς
559 584 579 628 ἢ
603 585 712 628 ξηρὰς,
736 586 810 628 διδῷ
832 591 874 628 τῷ
897 587 1017 628 σώματι
1038 585 1059 629 ἢ
1081 587 1116 618 τὸ
1139 591 1231 629 σῶμα
1246 586 1375 619 δι’)ναται
1389 588 1491 631 φέρειν
1502 587 1564 620 καὶ

289 645 381 675 πόνον
410 644 531 686 μηδένα
557 650 599 686 τῷ
622 645 741 687 πλήθει
762 650 820 676 τῶν
842 647 978 689 τροφέων
1002 643 1152 687 ἀντιτιθῇ,
1174 649 1264 677 τοῦτο
1287 644 1391 678 δ’ὅταν
1412 646 1564 684 ποικίλας

243 710 274 729 10
290 703 345 734 καὶ
376 701 543 745 ἀνομοίους
571 702 744 747 ἀλλήλῃσιν
772 702 915 747 έσπέμπῃ
937 707 1068 748 τροφάς·
1101 706 1140 736 τὰ
1161 706 1221 747 γὰρ
1245 703 1379 748 ἀνόμοια
1400 706 1564 742 στασιάζοι

290 762 345 792 καὶ
376 764 415 793 τὰ
445 764 500 804 μὲν
534 764 668 800 θᾶσσον,
701 764 740 795 τὰ
773 764 806 795 δὲ
837 763 1042 806 σχολαίτερον
1069 765 1226 795 πέσσεται.
1275 765 1355 806 μετὰ
1377 764 1412 796 δὲ
1433 764 1563 802 πολλῶν

223 826 282 848 100
291 822 389 852 σιτίων
414 820 534 865 ἀνάγκη
557 823 612 854 ’καὶ
635 822 715 854 πολὺ
739 826 860 865 πνεῦμα
883 821 1011 854 ἐσιέναι·
1045 824 1122 865 μετὰ
1143 825 1264 855 πάντων
1286 824 1346 865 γὰρ
1368 821 1562 866 ἐσθιομένων

289 890 321 910 τε
349 881 404 911 καὶ
433 883 602 923 πινομένων
634 880 805 924 ἀπέρχεται
835 885 956 924 πνεῦμα
983 880 1016 917 ἐς
1037 882 1072 913 τὸ
1095 887 1187 924 σῶμα
1209 881 1230 925 ἢ
1252 882 1348 914 πλέον
1369 880 1390 926 ἢ
1411 881 1558 915 ἔλασσον.

290 939 420 981 φανερὸν
452 938 560 971 δ’ἐστὶν
591 940 682 982 τῷδε·
711 939 818 982 ἐρογαὶ
840 942 899 983 γὰρ
921 942 1054 981 γίνονται
1078 942 1156 983 μετὰ
1177 942 1216 973 τὰ
1239 943 1320 973 σιτία
1341 942 1398 973 καὶ
1416 942 1457 974 τὰ
1476 942 1564 975 ποτὰ.

242 1005 269 1030 15
290 1001 367 1028 τοῖσι
395 998 593 1030 πλείστοισιν·
625 998 790 1042 ἀνατρέχει
817 1001 877 1041 γὰρ
901 997 918 1031 ὁ
940 1000 1177 1042 κατακλησθεὶς
1200 998 1272 1043 ἀήρ,
1302 999 1376 1032 ὅταν
1399 998 1562 1045 ἀναρῥήξῃ

289 1057 346 1092 τὰς
367 1057 584 1100 πομφόλυγας,
608 1056 638 1089 ἐν
661 1056 714 1100 ᾐσι
735 1059 912 1100 κρῦπτεται.
950 1057 1023 1090 ὅταν
1046 1056 1099 1090 οὖν
1121 1060 1155 1090 τὸ
1178 1064 1271 1102 σῶμα
1293 1061 1393 1092 σιτίων
1414 1059 1560 1103 πλησθῇ,

289 1115 344 1146 καὶ
365 1116 539 1158 πνεὺματος
561 1115 705 1148 ἐπίπλεον
728 1119 842 1157 γίνεται
862 1122 920 1149 τῶν
943 1119 1043 1149 σιτίων
1065 1120 1304 1160 χρονιζομένων·
1327 1119 1502 1162 χρονίζεται
1521 1118 1562 1152 δὲ

289 1175 328 1205 τὰ
359 1176 439 1205 σιτία
471 1175 522 1206 διὰ
551 1177 585 1207 τὸ
613 1176 740 1218 πλῆθος
763 1173 799 1207 οὒ
823 1176 978 1219 δυνάμενοι
1001 1176 1146 1208 διελθεῖν.
1183 1175 1425 1221 ἐμφραχθείσης
1445 1177 1481 1210 δὲ
1500 1181 1562 1222 τῆς

394 1244 403 1262 1
425 1236 519 1274 ἑτέροις
536 1237 562 1263 Α
579 1237 684 1275 ἑτέροισι
702 1238 731 1264 Μ
749 1238 867 1276 ξύμφορα
884 1238 992 1265 codices
1061 1237 1102 1266 καὶ
1120 1239 1140 1266 ἑ.
1158 1239 1178 1266 ἑ.
1197 1239 1332 1277 ἀσύμφορα
1350 1247 1407 1267 om.
1418 1238 1474 1267 MR
1539 1245 1558 1267 2

290 1286 424 1324 ἀξύμφορα
441 1287 466 1313 Α
485 1287 543 1315 ὅταν
561 1290 587 1315 Α
606 1288 696 1315 ὁκόταν
709 1288 738 1314 Μ
751 1288 764 1315 ὁ
776 1289 810 1326 ἦρ
822 1289 969 1316 τοιουτέοισι
979 1289 1086 1326 πλησθῇ
1097 1289 1126 1315 Μ
1196 1291 1345 1327 μιάσματος,
1362 1290 1376 1317 ὃ
1394 1310 1402 1318 .
1413 1310 1422 1318 .
1438 1290 1563 1328 πολέμων

289 1336 360 1362 Serv.
416 1345 427 1371 3
447 1337 591 1375 ἀνθρωπίνῃ
606 1339 629 1365 R
699 1339 812 1366 νοσέουσι
828 1339 861 1370 Α,
880 1350 907 1365 -ν
924 1339 991 1366 A'M
1043 1346 1060 1372 4
1071 1338 1116 1366 τινὶ
1128 1340 1156 1366 in
1166 1346 1239 1366 textu
1249 1349 1314 1373 om.‚
1324 1340 1352 1367 iu
1361 1339 1558 1376 marg-add.M

290 1395 326 1412 m.
345 1396 383 1422 pr.
485 1395 548 1415 ante
572 1388 648 1426 ζῴων
669 1389 729 1415 add.
748 1393 799 1416 τῶν
817 1389 846 1415 Μ
867 1390 920 1427 ἠὴρ
938 1390 962 1416 Α
981 1390 994 1417 ὁ
1012 1391 1046 1428 ἦρ
1065 1390 1222 1428 ἀνάρμοστον
1239 1388 1258 1427 ἡ
1276 1391 1306 1417 Μ
1323 1392 1396 1428 κοινῆ
1410 1391 1469 1420 τόν
1484 1391 1560 1420 wd-

290 1447 357 1464 ουσιν
379 1439 404 1464 A
429 1438 457 1466 τὸ
479 1440 578 1477 νόσημα
600 1442 676 1467 κεῖνοι
697 1441 824 1467 νοσέουσιν
842 1440 884 1466 Mr
901 1439 930 1467 τὸ
947 1441 1047 1478 νόσημα
1065 1443 1134 1468 κεῖνα
1151 1441 1277 1469 νοσέουσιν
1294 1450 1307 1468 r
1324 1444 1395 1469 κεῖνα
1410 1442 1469 1470 τότε
1484 1441 1561 1470 νοοί-

289 1498 357 1515 ουσιν
379 1488 459 1515 Littre
529 1497 540 1522 5
561 1500 602 1517 νυν
624 1490 648 1516 Α
671 1490 714 1518 οὖν
736 1491 765 1517 Μ
787 1497 850 1525 post
875 1491 994 1528 δημόσιαι
1019 1491 1100 1526 praeb.
1123 1490 1196 1519 οὖσαι
1217 1492 1254 1524 Μ,
1277 1491 1325 1520 εἰσί
1346 1491 1370 1518 R
1388 1500 1444 1519 om.
1462 1492 1489 1519 A

289 1545 351 1564 ante
370 1537 419 1566 οἶσι
435 1539 494 1566 add.
515 1540 552 1567 ὅτι
568 1540 620 1574 (ὅτε
642 1541 695 1568 Zw.
714 1541 741 1567 in
759 1542 854 1576 marg.)
870 1540 910 1568 καί
929 1541 996 1572 ὅκως
1014 1540 1055 1569 καὶ
1073 1541 1127 1568 MR
1194 1542 1211 1568 6
1229 1542 1277 1570 ἀπὸ
1289 1545 1330 1569 τεῦ
1342 1542 1368 1569 A
1379 1541 1559 1581 οἰιρόὖΜᾶιΡ

291 1589 346 1616 ὅτευ
371 1589 507 1616 Ermerins
535 1590 671 1625 Gomperz
698 1591 724 1619 δὲ
751 1592 774 1618 δι
799 1592 824 1617 Α
850 1592 921 1629 δ’ἦόη
948 1592 984 1618 A*
1010 1592 1037 1619 ’δὲ
1059 1592 1090 1630 δὴ
1109 1592 1201 1628 scripsi
1219 1593 1250 1630 δὴ
1269 1601 1324 1620 om.
1344 1592 1373 1619 M
1389 1593 1512 1631 πονηρίην
1527 1592 1555 1620 A

289 1640 401 1677 πονηρὴν
419 1640 447 1666 Μ
516 1648 531 1674 7
550 1648 612 1675 post
629 1641 730 1679 διέξειμι
746 1642 806 1668 add.
826 1652 865 1669 σοι
882 1642 911 1668 Μ
981 1641 1069 1670 δ’ἐστὶν
1086 1642 1116 1669 Μ
1184 1649 1247 1677 post
1265 1642 1310 1680 μὲν
1326 1642 1388 1669 add.
1400 1642 1444 1670 οὖν
1455 1642 1560 1671 qu-

290 1699 348 1720 ονας
366 1690 390 1715 A
409 1691 524 1722 πλείονας
543 1691 571 1717 Μ
640 1692 656 1717 8
673 1698 736 1718 ante
755 1691 833 1729 ὑγρὰς
851 1692 911 1719 add.
929 1694 945 1730 ἢ
965 1693 994 1718 Μ
1012 1693 1075 1720 ’διδοῖ
1092 1692 1117 1719 Α
1135 1692 1220 1720 δίδωσι
1237 1692 1266 1719 Μ
1284 1693 1345 1730 διδῷ
1361 1692 1443 1720 Lim&
1460 1693 1493 1731 ἢν
1504 1701 1555 1729 pro

289 1741 304 1777 ἢ
325 1740 353 1766 Μ
376 1740 471 1767 δύνεται
496 1741 521 1767 Α
547 1741 647 1768 δύναται
670 1742 698 1768 Μ
783 1750 799 1776 9
817 1747 919 1780 τροφῶν
945 1743 1054 1770 codices
1080 1744 1196 1781 τροφέων
1221 1743 1314 1777 scripsi
1398 1743 1512 1782 ἀντιτίθη
1528 1743 1555 1771 Α

290 1790 430 1828 ἀντιτίθημι
446 1791 515 1825 (εἰεί)
532 1791 561 1817 Μ
579 1792 716 1829 ἀντιτίθησι
734 1793 757 1818 R
775 1793 890 1830 ἀντιτεθῆ
910 1793 963 1819 Zw.
981 1793 1009 1819 in
1027 1801 1112 1828 marg.
1131 1793 1209 1819 Foes.
1227 1793 1254 1819 in
1273 1799 1329 1820 not.
1348 1793 1462 1831 ἀντιτιθῇ
1473 1793 1558 1822 Lim

291 1847 353 1875 post
370 1841 483 1872 ποικίλας
501 1841 561 1867 add.
580 1842 677 1879 τροφὰς
694 1843 718 1868 Α
791 1851 817 1869 11
833 1843 939 1871 θάσσονε
954 1843 992 1870 cfr
1000 1843 1219 1875 LAGERCRANTZ,
1233 1843 1284 1870 Zur
1295 1852 1333 1878 gr.
1343 1843 1436 1879 Lautg.
1449 1843 1554 1879 Upsah

293 1891 364 1924 1898,
378 1900 421 1926 pp.
434 1899 461 1925 35
474 1900 530 1926 sqq.
545 1893 694 1930 σχολὲτερον
711 1893 755 1924 Α“,
774 1904 813 1930 γρ.
830 1894 874 1920 λαι
890 1894 927 1920 A·
943 1894 971 1920 in
989 1902 1074 1928 marg.
1092 1902 1159 1920 corr.
1173 1894 1210 1920 Αδ
1226 1893 1252 1921 δὲ
1267 1894 1421 1929 (posterius)
1430 1894 1464 1927 A,
1479 1894 1512 1933 δὴ
1523 1893 1556 1922 M

293 1956 322 1975 12
341 1950 469 1987 ἀναγκάζῃ
493 1950 517 1976 Α
540 1951 633 1988 ἀνάγκη
657 1951 685 1977 Μ
707 1950 747 1978 καὶ
765 1959 820 1978 om.
839 1952 868 1978 M
885 1938 963 1980 102„th
981 1952 1009 1978 M
1027 1961 1063 1978 m.
1082 1961 1119 1987 pr.
1208 1960 1236 1986 13
1255 1962 1283 1980 τε
1300 1961 1356 1979 om.
1374 1953 1403 1979 M
1420 1956 1555 1991 πινομνιῖι.

290 1999 361 2027 εἴσισι
379 2000 407 2026 Μ
477 2002 569 2028 ὲλασσο
582 2002 606 2027 A
624 2003 730 2029 ἔλασσον
747 2002 814 2028 A³M
893 2009 923 2034 14
942 2002 1049 2040 φανερὸν
1065 2003 1092 2030 δὲ
1109 2003 1166 2030 τότε
1182 2003 1264 2036 (τοῦτο
1283 2003 1316 2037 R)
1332 2003 1397 2030 τῶδε
1415 2004 1480 2031 ἐστίν
1497 2002 1552 2030 MR

290 2050 337 2087 γὰρ
364 2059 418 2077 om.
442 2051 467 2076 A
489 2050 603 2089 ἐρευγμοὶ
622 2052 669 2089 γὰρ
688 2052 716 2078 Μ
736 2052 798 2089 μετὰ
814 2052 854 2085 (τὰ
871 2053 982 2079 inseruit
999 2053 1045 2087 Αἵ)
1067 2053 1130 2080 σιτία
1147 2051 1188 2080 καὶ
1205 2053 1236 2080 τὰ
1253 2053 1317 2081 ποτὰ
1334 2054 1359 2079 A
1377 2065 1402 2091 μ.
1421 2053 1452 2081 τὰ
1469 2063 1492 2081 ο.
1510 2051 1555 2081 καὶ

289 2111 313 2128 π.
333 2101 361 2127 Μ
432 2109 458 2134 15
478 2102 614 2129 πλείστοισι
632 2102 660 2128 Μ
721 2101 910 2134 κατακλεισθεὶς
923 2103 1030 2129 codices
1087 2114 1126 2141 Ῑρ.
1139 2102 1180 2130 καὶ
1192 2103 1282 2130 ὁκόταν
1294 2104 1323 2130 Μ
1336 2103 1369 2130 al.
1382 2113 1419 2130 m.
1428 2104 1456 2130 in
1466 2111 1551 2139 marg.

293 2151 322 2177 16
342 2151 399 2178 ὅταν
418 2151 460 2179 οὖν
478 2151 505 2179 τὸ
525 2156 598 2189 σῶμα
615 2153 752 2190 πληρωθὲν
769 2157 867 2190 τροφῆς
884 2153 990 2190 πλησθῇ
1008 2152 1048 2180 καὶ
1065 2153 1204 2191 πνεύματος
1221 2154 1336 2181 ἐπίπλεον
1353 2154 1378 2180 A
1397 2154 1419 2181 ὅ.
1437 2153 1480 2181 οὖν
1492 2163 1515 2181 τ.
1527 2163 1551 2181 σ.

291 2202 373 2228 σιτίων
391 2202 496 2239 πλησθῇ
514 2201 553 2229 καὶ
571 2203 709 2239 πνεύματος
727 2203 852 2230 ἐπιτελεῐον
870 2204 959 2241 γίνεται
977 2203 1005 2229 Μ
1023 2205 1117 2237 itaque
1133 2204 1182 2230 ubi
1197 2206 1296 2237 corpus
1313 2205 1449 2238 repletum
1456 2204 1557 2238 fixerit

289 2252 400 2278 cibariis
421 2261 455 2278 αι·
470 2254 582 2285 spiritu,
601 2255 699 2285 corpus
712 2254 872 2286 plurimum
891 2255 1021 2280 excrescit
1038 2253 1085 2279 Fil.
1104 2254 1125 2281 ὅ.
1144 2253 1187 2281 οὖν
1204 2264 1225 2282 τ.
1245 2264 1267 2281 σ.
1287 2255 1370 2282 σιτίων
1386 2254 1494 2292 πλησθῇ
1509 2252 1553 2281 καὶ

289 2302 427 2339 πνεύματος
445 2303 576 2340 πλησμονὴ
597 2302 634 2330 ἐπὶ
652 2304 737 2330 πλεῖον
756 2304 846 2340 γίνεται
862 2303 886 2329 R
991 2303 1020 2330 18
1038 2304 1067 2331 τὸ
1085 2313 1140 2330 om.
1160 2304 1188 2331 M
1278 2313 1327 2340 pro
1345 2305 1468 2342 δυνάμενα
1484 2304 1555 2334 διελ-

291 2354 344 2379 θεῖν
362 2353 441 2386 praeb.
460 2353 594 2390 δυναμένου
612 2356 654 2380 τοῦ
673 2354 810 2391 πνεύματος
828 2354 965 2388 διεξελθεῖν
983 2354 1006 2380 Η
1026 2354 1078 2381 Zw.
1097 2355 1124 2380 in
1143 2363 1226 2389 marg.
1246 2354 1324 2381 Foes.
1342 2355 1370 2381 in
1389 2362 1445 2382 nox.
