1598 2592
333 94 371 123 82

289 179 385 209 einen
419 176 488 209 Fall
521 187 587 208 von
614 175 898 217 Wiederhohlung
930 175 990 207 des
1026 174 1062 207 ἄν
1084 176 1117 206 in
1139 175 1246 206 einem
1273 175 1340 206 und
1362 174 1556 207 demselben

291 228 388 260 Satze
421 239 459 259 zu
492 227 728 266 konstatieren3
760 227 842 258 iiber
863 226 978 257 diesen
1000 225 1176 263 Gebrauch
1198 225 1263 266 vgl.
1287 225 1326 257 G.
1350 225 1555 264 HERMANN,

290 279 342 310 De
374 278 534 319 particula
557 277 593 310 ἄν
616 278 687 309 libri
709 277 757 308 IV
780 277 926 319 (Lipsiae
953 276 1052 318 1831),
1077 276 1128 308 Ss.
1154 277 1213 308 188
1236 276 1268 307 ff.
1291 275 1359 307 und
1381 275 1557 309 Komen-

293 330 424 361 GERTH
445 329 460 360 I
487 328 679 370 (Hannover
705 327 806 370 1898),
830 326 880 358 Ss.
905 327 968 366 246
990 327 1010 358 f.
1055 327 1118 358 Als
1140 326 1243 368 Beleg
1264 326 1397 358 m6chte
1419 326 1473 358 ich
1493 337 1558 359 nur

291 379 445 421 folgende
478 379 578 411 Stelle
612 378 785 410 anffihren:
819 377 1072 418 Aristophanes’
1107 377 1248 409 Frieden
1281 377 1323 409 V.
1355 377 1398 409 68
1427 382 1496 414 πῶς
1517 377 1556 410 ἄν

290 429 357 462 ποτ’
393 429 560 474 ἀφικοίμην
594 428 630 461 ἂν
664 427 741 461 εὐθὺ
774 433 828 460 τοῦ
862 427 950 465 Διός;
978 428 1035 460 Ich
1058 428 1126 460 lese
1147 429 1247 459 somit
1269 428 1322 459 die
1343 427 1556 470 vorliegende

291 481 406 513 Stelle:
439 482 565 523 μετέχοι
598 478 665 512 δ’ἂν
698 485 764 516 πῶς
798 478 834 511 ἂν
869 478 975 515 ἄλλως
998 478 1071 511 ἀλλ’
1090 478 1111 522 ἢ
1133 483 1188 510 τοῦ
1210 475 1325 515 ὕδατος
1350 477 1483 511 ἕλκοντα
1502 479 1557 511 τὸν

290 530 386 575 ἠέρα;

394 632 442 663 VI
463 632 550 671 96,10
563 647 598 656 =
614 631 647 662 S.
675 639 772 669 10‚15:

392 712 480 739 τοῦτο
504 708 537 738 δὲ
561 711 672 749 μοῦνον
696 705 745 738 ἀεὶ
756 707 964 738 διατελέουσιν
979 705 1102 738 ἅπαντα
1116 707 1155 738 τὰ
1170 707 1272 749 θνητὰ
1285 708 1350 743 ζῶα
1364 707 1558 750 πρήσσοντα,

291 760 358 791 τοτὲ
380 760 435 801 μὲν
458 756 637 800 ἐμπνέοντα,
660 759 728 789 τοτὲ
750 757 784 789 δὲ
806 755 982 789 ἐκπνέοντα.

393 809 494 840 Diese
526 809 568 839 ist
601 809 653 839 die
677 808 814 849 Lesung
834 818 900 839 von
922 807 999 839 MR.
1024 807 1111 839 Statt
1133 805 1303 850 ἐμπνέοντα
1324 807 1429 838 bietet
1449 806 1556 838 indes-

291 870 350 891 sen
377 860 411 891 A
443 858 614 896 ἐνπνέοντα,
648 859 716 890 und
742 863 823 890 statt
845 857 1011 890 ἐκπνέοντα
1037 858 1095 889 hat
1116 868 1152 889 er
1174 856 1374 890 ἁναπνέοντα.
1417 857 1482 889 Die
1503 866 1557 899 ge-

291 910 496 941 weshnlichen
529 909 755 951 griechischen
788 909 984 940 Ausdriicke
1018 908 1068 939 fiir
1101 908 1303 950 Einatmung
1335 907 1404 940 und
1436 907 1557 940 Ausat—

292 971 394 1002 mung
421 961 494 991 sind
517 959 659 992 ἀναπνεῖν
678 960 744 991 und
768 958 886 991 ἐκπνεῖν
910 959 986 1001 (vgl.
1010 959 1064 990 lat.
1088 959 1253 999 respirare
1274 959 1342 990 und
1362 957 1556 999 exspirare).

292 1011 355 1043 Als
387 1011 508 1051 Belege
542 1011 615 1041 sind
651 1021 689 1041 zu
712 1010 935 1050 vergleichen:
961 1009 1204 1052 [Hippokrates]
1228 1011 1454 1052 προγνωστικόν
1479 1014 1495 1049 5
1518 1007 1556 1053 (Ῐ,

293 1062 325 1093 S.
357 1063 441 1099 82,20
468 1061 552 1103 Kw.)
574 1065 695 1103 πνεῦμα
717 1061 751 1092 δὲ
773 1062 886 1092 πυκνὸν
909 1062 963 1103 μὲν
986 1058 1036 1092 ἐὸν
1058 1062 1150 1092 πόνον
1173 1062 1317 1103 σημαίνει
1337 1058 1358 1103 ἢ
1381 1060 1558 1104 φλεγμονὴν

292 1111 323 1144 ἐν
356 1117 450 1144 τοῖσιν
485 1109 561 1154 ὑπὲρ
596 1117 653 1143 τῶν
687 1116 802 1155 φρενῶν
835 1113 1006 1154 χωρίοισιν·
1034 1113 1116 1154 μέγα
1138 1111 1172 1142 δὲ
1196 1109 1480 1153 ἀναπνεόμενον
1500 1110 1558 1143 καὶ

293 1164 345 1195 διὰ
377 1163 498 1194 πολλοῦ
528 1165 643 1205 χρόνου
666 1162 908 1205 παραφροσυνην
931 1163 1087 1204 σημαίνει·
1111 1162 1230 1205 ψυχρὸν
1253 1161 1287 1193 δὲ
1309 1159 1556 1204 ἐκπνεόμενον

293 1212 330 1245 ἐκ
359 1219 416 1245 τῶν
446 1211 533 1255 ῥινῶν
559 1214 614 1244 καὶ
639 1217 693 1244 τοῦ
717 1214 872 1255 στόματος
894 1211 1039 1254 ὀλέθριον
1061 1214 1163 1254 κάρτα
1184 1211 1246 1255 ἥδη
1269 1214 1392 1252 γίνεται.
1436 1211 1554 1253 Empe-

292 1264 409 1295 dokles
432 1263 467 1294 fr.
495 1272 554 1294 100
576 1263 709 1301 (DIELS'
732 1259 943 1300 Vorsokr.²1‚
967 1262 1000 1294 S.
1024 1261 1142 1304 200‚15)
1165 1261 1225 1294 ὧδε
1247 1261 1555 1294 δ’ἁναπνείπάντα

292 1316 348 1346 καὶ
381 1313 516 1346 ἐκπνεῐ.
561 1313 675 1345 Platon
710 1313 857 1344 Phaidon
888 1321 945 1344 112
973 1313 1000 1344 B
1032 1314 1088 1345 καὶ
1114 1312 1217 1355 ὥσπερ
1251 1318 1309 1344 τῶν
1343 1311 1555 1345 ἀναπνεόντων

294 1364 343 1397 ἀεὶ
365 1363 489 1397 ἐκπνεῖ
510 1376 542 1396 τε
563 1366 619 1396 καὶ
641 1363 797 1396 ἀναπνεῖ
819 1362 887 1406 ῥέον
914 1365 949 1395 τὸ
971 1368 1102 1406 πνεῦμα,
1126 1360 1206 1395 οὔτω
1220 1364 1276 1395 καὶ
1290 1361 1354 1395 ἐκεῖ
1367 1363 1556 1406 Ευναιωροὺ-

293 1426 383 1458 μενον
405 1421 446 1458 τῷ
469 1413 551 1457 ὑγρῷ
573 1417 607 1446 τὸ
630 1419 751 1457 πνεῦμα
773 1415 891 1450 δεινοὺς
911 1425 996 1451 τινας
1018 1413 1152 1456 ἀνέμους
1173 1415 1229 1446 καὶ
1251 1413 1436 1458 ἀμηχάνους
1455 1415 1557 1457 παρέ-

293 1478 384 1509 χεται
411 1467 466 1498 καὶ
492 1464 584 1497 εἰσιὸν
607 1467 661 1497 καὶ
683 1464 771 1502 ἐξιόν.
814 1465 960 1497 Timaios
982 1466 1023 1505 78
1044 1465 1072 1496 E
1094 1465 1191 1507 τοὺτῳ
1219 1465 1253 1496 δὲ
1276 1465 1315 1508 δὴ
1337 1470 1379 1508 τῷ
1404 1466 1483 1506 τίνει
1503 1465 1556 1496 τὸν

293 1519 350 1553 τὰς
383 1515 559 1559 ἐπωνυμίας
591 1517 724 1559 θέμενον
758 1514 944 1559 ἀναπνοὴν
977 1517 1032 1547 καὶ
1070 1514 1230 1558 ἐκπνοὴν
1270 1516 1401 1558 λέγομεν
1434 1515 1556 1547 θέσθαι
1596 1521 1598 1526 '

292 1566 439 1610 τοῦνομα.
494 1566 692 1598 Aristoteles
730 1566 999 1607 Tiergeschichte
1034 1562 1115 1607 492⁵
1147 1566 1209 1608 (ed.
1249 1566 1482 1604 DITTMEYER‚
1520 1564 1554 1598 S.

298 1618 374 1660 19‚8)
410 1617 477 1660 ἅμα
510 1616 559 1661 δ’·Ῐ]
584 1616 822 1653 ἀνάπνευσις
843 1618 898 1649 καὶ
923 1617 1122 1653 ἔκπνευσις
1144 1619 1276 1657 γίγνεται
1301 1615 1346 1653 εἰς
1367 1617 1401 1648 τὸ
1423 1617 1556 1660 στῆθος,

294 1670 348 1700 καὶ
383 1667 531 1700 ἀδύνατον
564 1669 662 1711 χωρὶς
683 1672 747 1704 τοῖς
769 1673 936 1711 μυκτῆρσιν
961 1666 1198 1699 ἀναπνεῦσαι
1220 1666 1240 1710 ἢ
1263 1665 1480 1705 ἐκπνεῦσαι,
1502 1666 1556 1699 διὰ

293 1721 327 1750 τὸ
362 1717 398 1750 ἐκ
430 1723 483 1750 τοῦ
517 1720 654 1761 στήθους
687 1717 764 1750 εἶναι
796 1720 849 1762 τὴν
887 1717 1077 1762 ἀναπνοὴν
1109 1719 1165 1750 καὶ
1197 1716 1356 1761 ἐκπνοὴν
1389 1718 1472 1750 κατὰ
1503 1717 1556 1749 τὸν

294 1775 506 1812 γαργαρεῶνα,
529 1770 584 1801 καὶ
606 1771 648 1813 μὴ
672 1768 708 1800 ἐκ
729 1774 784 1812 τῆς
806 1769 949 1813 κεφαλῆς
969 1770 1024 1800 τινὶ
1046 1770 1141 1811 μέρει.
1185 1768 1255 1799 Das
1278 1766 1468 1800 ἀναπνέοντα
1489 1777 1554 1799 von

295 1820 328 1850 A
361 1821 402 1851 ist
434 1820 536 1850 daher
565 1830 606 1850 m.
631 1820 669 1850 E.
692 1820 723 1850 in
757 1820 821 1850 den
854 1819 944 1850 Text
976 1819 1214 1850 aufzunehmen
1248 1818 1315 1849 und
1337 1817 1499 1850 ἐνπνέοντα
1521 1818 1555 1849 in

295 1869 460 1902 ὲκπνέοντα
483 1881 520 1900 zu
543 1870 751 1911 korrigieren.

396 1971 443 2001 VI
465 1972 551 2009 96,13
567 1986 602 1995 =
616 1970 649 2002 S.
677 1979 755 2008 12‚2:

397 2047 474 2088 μετὰ
506 2051 595 2077 τοῦτο
628 2048 725 2077 τοίνυν
759 2043 878 2082 εὐθέως
901 2044 1018 2088 ῥητέον,
1042 2044 1087 2077 ὅτι
1109 2042 1167 2076 οὒκ
1190 2044 1328 2076 ἄλλοθέν
1350 2045 1449 2076 ποθεν
1471 2042 1556 2080 εἰκός

295 2095 358 2127 ἐστι
379 2098 520 2136 γίνεσθαι
542 2099 598 2132 τὰς
622 2095 795 2138 ἁῤῥωστίας
817 2097 965 2138 μάλιστα,
987 2095 1008 2139 ἢ
1030 2094 1180 2132 ἐντεῦθεν,
1204 2094 1277 2127 ὅταν
1299 2099 1388 2126 τοῦτο
1411 2094 1431 2138 ἢ
1449 2095 1555 2131 πλέον,

296 2146 316 2189 ἢ
339 2147 484 2184 ἔλασσον,
507 2146 526 2189 ἢ
549 2148 603 2178 καὶ
638 2146 844 2189 ἁθροώτερον,
868 2146 888 2190 ἢ
912 2148 1121 2189 μεμιασμένον
1142 2150 1295 2187 νοσεροῖσι
1317 2147 1500 2188 μιάσμασιν,
1522 2143 1557 2181 ἐς

295 2199 330 2228 τὸ
353 2203 445 2239 σῶμα
468 2195 596 2239 ἐσέλθῃ.

398 2248 539 2278 LlTTRE
574 2249 615 2278 ist
646 2247 715 2278 hier
746 2248 805 2278 wie
838 2247 939 2278 &fters
971 2247 1030 2278 der
1065 2247 1199 2287 Lesung
1220 2257 1286 2277 von
1307 2245 1396 2288 R(M)
1419 2244 1554 2286 gesolgt.

296 2297 382 2328 Stat?
405 2297 424 2340 ἢ
448 2298 540 2329 πλέον
555 2322 668 2329 ......
681 2299 890 2340 μεμιασμένον
913 2297 1015 2328 bietet
1036 2297 1069 2328 A
1091 2297 1184 2328 πλέον
1207 2295 1376 2339 ἢέλασσον
1391 2295 1412 2339 ἢ
1428 2294 1556 2338 ἁθροώ-
