1598 2592
3 1800 5 1802 ·
51 1785 212 1818 hauriunt.

106 181 133 214 5.
169 174 269 215 Quod
298 175 396 216 igitur
418 174 570 206 omnibus
592 175 655 206 ani-

50 225 217 256 mantibus
234 226 415 256 communis
430 230 481 256 est
495 235 560 262 aer,
577 225 656 256 dixi-

53 286 136 307 mus,
179 276 288 317 Quare
310 275 429 307 deinde
444 276 535 307 breui
550 276 656 307 dicen-

50 326 132 358 dum
163 332 214 357 est
244 337 310 357 non
339 325 468 357 aliunde
491 336 590 367 quam
613 336 656 357 ex

53 377 115 407 hae
137 386 237 408 causa
259 377 491 417 aegrotationes
514 377 655 407 maxime

0 460 4 463 ,
49 426 121 458 fieri
143 427 254 463 uideri.
281 437 355 458 cum
380 427 503 458 scilicet
525 427 656 467 spiritus

52 482 109 508 aut
141 477 245 508 maior
278 477 373 508 fuerit
404 483 461 508 aut
492 478 596 508 minor
623 482 656 508 et

1 558 5 564 ,
50 528 240 568 repentinus
255 533 288 559 et
302 528 488 568 inquinatus
499 528 656 559 morbidis

49 578 214 618 contagiis
244 579 444 619 ingrediatur
471 579 503 609 in
526 589 654 619 corpus.

0 637 6 670 g
52 627 105 659 Ac
144 629 186 659 de
221 639 256 659 re
290 629 423 669 quidem
458 629 530 660 haec
567 630 654 660 satis.

0 708 2 712 .
51 679 130 710 Post
161 679 231 710 haec
259 685 370 710 autern
397 679 439 710 ad
461 680 533 720 ipsa
555 689 655 720 opera

50 728 218 770 profectus
231 730 377 760 oratione
389 729 562 761 ostendam
573 740 655 761 mor-

4 811 5 814 ,
50 779 114 811 bos
135 789 250 811 omnes
272 780 318 811 uti
337 780 452 820 spiritu
468 785 501 811 et
516 785 608 820 patre
622 786 655 811 et

0 838 6 861 s
49 840 125 861 auo.

101 881 131 911 6.
165 881 271 911 Primo
293 885 403 911 autem
425 890 444 911 a
467 880 566 917 febre,
581 890 655 921 quae

50 931 186 961 morbus
216 937 267 962 est
293 931 435 962 maxime
462 932 654 968 communis,

52 981 215 1021 incipiam.
254 981 316 1012 Hic
339 982 425 1012 enim
441 981 574 1012 morbus
584 981 655 1012 aliis

49 1031 174 1062 morbis
196 1031 348 1063 omnibus
371 1032 497 1062 triarius
519 1037 579 1069 est,
595 1032 654 1063 sed

50 1082 149 1122 rigori
164 1082 331 1122 imprimis.
363 1082 400 1113 Id
416 1087 525 1113 autem
538 1093 587 1113 eae
600 1083 653 1114 de-

47 1131 174 1163 clarant
184 1132 390 1170 offensiones,
397 1143 471 1173 quae
479 1133 555 1164 inde
563 1133 652 1164 fiunt.

50 1181 216 1213 Continuo
237 1183 325 1214 enim
347 1183 389 1214 ad
407 1183 546 1223 rigorem
562 1189 595 1215 et
611 1184 654 1214 in-

49 1233 241 1274 guenarium
254 1238 287 1264 et
300 1233 396 1264 febris
408 1234 562 1274 sequitur.
587 1233 654 1265 Sed

50 1293 157 1324 genus
179 1283 317 1315 febrium
339 1283 461 1324 duplex
484 1290 543 1321 est,
559 1290 595 1315 ut
610 1285 654 1316 ita

51 1343 244 1374 percurram.
289 1333 367 1365 Alia
389 1335 475 1365 enim
498 1340 558 1372 est,
578 1345 653 1375 quae

49 1384 267 1415 communiter
288 1384 331 1416 ab
353 1385 504 1416 omnibus
519 1391 655 1416 uocatur

50 1434 246 1474 pestilentia,
261 1434 324 1466 alia
339 1445 428 1472 uero,
444 1445 519 1475 quae
532 1436 576 1466 ob
588 1446 653 1467 ma-

51 1484 116 1516 lam
139 1485 270 1516 diaetam
291 1485 330 1516 iis
345 1486 522 1525 separatim
537 1485 582 1523 fit,
598 1486 654 1526 qui

51 1534 138 1565 male
172 1535 329 1566 uictitant.
384 1535 510 1566 Harum
544 1542 654 1567 autem

52 1585 222 1626 utriusque
242 1595 297 1616 aer
316 1586 388 1626 ipse
404 1596 504 1617 causa
516 1591 575 1617 est.
616 1587 654 1617 E-

51 1635 200 1666 nimuero
208 1637 390 1667 communis
400 1635 453 1667 illa
460 1636 654 1677 pestilentia-

50 1684 92 1716 lis
114 1685 212 1717 febris
233 1686 354 1718 idcirco
382 1691 433 1718 est
458 1687 654 1725 huiusmodi,

50 1736 207 1776 quoniam
221 1737 362 1768 eundem
377 1738 524 1778 spiritum
540 1748 655 1769 omnes

257 1785 339 1818 Cum
370 1787 515 1819 similiter
545 1794 654 1819 autem

48 1836 185 1877 spiritus
206 1837 301 1868 simili
323 1839 451 1879 corpori
471 1839 593 1870 mixtus
609 1839 654 1870 su-

50 1887 121 1923 erit,
152 1887 274 1918 similes
303 1889 402 1919 etiam
430 1889 537 1920 febres
563 1890 652 1921 fiunt.

2 1961 4 1966 ,
50 1936 131 1972 Sed,
164 1947 263 1968 nosce
296 1949 420 1979 quaeso,
454 1940 541 1971 dicet
571 1941 654 1980 quis-

50 1987 154 2027 piam:
176 1998 277 2028 quare
299 1989 395 2029 igitur
417 2000 482 2020 non
498 1990 530 2021 in
545 1991 655 2022 omnia

0 2064 3 2066 .
50 2037 212 2075 animalia,
241 2038 300 2069 sed
331 2039 363 2070 in
394 2050 494 2071 unum
522 2040 654 2081 aliquod

51 2087 198 2128 ipsorum
227 2089 410 2121 istiusmodi
448 2091 552 2122 morbi
579 2092 653 2122 irru-

51 2137 128 2168 unt?
170 2139 343 2180 Quoniam,
371 2141 593 2181 responderet,
621 2148 654 2172 et

50 2198 171 2228 corpus
197 2199 217 2220 a
243 2199 380 2231 corpore
411 2197 444 2222 et
474 2197 589 2223 natura
612 2192 653 2223 ab

50 2243 167 2270 natura
188 2245 222 2270 et
239 2239 428 2272 alimentum
445 2242 487 2272 ab
499 2241 653 2273 alimento

101 2307 130 2332 41
145 2301 160 2327 b
179 2301 223 2327 Eo
240 2302 318 2335 quod,
337 2302 454 2329 dicerem
471 2303 548 2338 impr.

1236 101 1271 129 Ι3

764 182 791 215 5.
826 174 926 216 Quod
949 176 1046 216 igitur
1061 176 1216 216 imprimis
1233 176 1315 206 aeris

712 226 953 257 communicent
986 226 1095 257 omnia
1128 226 1314 263 animantia,

712 276 835 307 dictum
863 282 923 307 est.
967 276 1049 307 Mox
1076 282 1185 307 autem
1208 277 1315 308 dicen-

712 326 798 364 dum,
821 327 911 367 quod
935 337 999 357 non
1015 326 1156 364 aliunde,
1169 328 1227 358 sed
1239 328 1315 358 hinc

712 378 875 418 praecipue
907 377 1116 418 aegritudines
1147 377 1215 409 fieri
1242 388 1315 409 con-

712 428 846 458 ueniens
873 433 933 465 est,
960 428 1094 468 quando
1116 428 1239 459 scilicet
1261 438 1314 459 ex-

712 478 852 509 uberans
881 478 1079 509 deficiensue
1106 484 1162 510 aut
1184 479 1315 510 densior

712 534 768 559 aut
783 528 1011 560 infectionibus
1023 529 1184 560 morbosis
1196 540 1314 570 corpus

712 580 898 619 ingreditur.
944 579 1106 610 Caeterum
1128 580 1170 610 de
1193 590 1226 611 re
1242 580 1314 611 haec

712 630 789 660 mihi
820 630 951 661 abunde
978 630 1066 661 dicta
1087 634 1170 661 sunt.
1216 631 1313 662 Dein-

711 690 790 720 ceps
818 691 897 711 uero
919 680 961 711 ad
985 681 1056 721 ipsa
1078 691 1178 721 opera
1200 682 1314 712 oratio—

711 741 786 761 nem
809 730 1015 768 transferens,
1034 732 1207 762 ostendam
1223 733 1313 772 aegri-

711 781 841 811 tudines
874 791 990 812 omnes
1021 781 1063 813 ab
1094 782 1157 813 hoc
1188 782 1314 813 initium

711 837 884 872 ortumque
907 842 1083 863 assumere.

761 882 791 913 6.
824 882 877 913 Ac
900 882 1039 922 primum
1061 883 1103 914 ab
1118 893 1167 919 ea,
1184 884 1313 923 quaein-

711 937 760 963 ter
789 943 904 963 omnes
931 933 1073 964 maxime
1100 939 1151 964 est
1173 943 1314 964 commu-

711 983 769 1020 nis,
802 994 821 1014 a
852 983 941 1014 febre
974 984 1117 1024 inquam,
1151 984 1313 1024 incipiam.

711 1033 793 1064 Haec
809 1034 894 1064 enim
911 1034 1071 1074 aegritudo
1084 1034 1235 1065 omnibus
1245 1034 1314 1065 aliis

711 1084 958 1124 aegritudinibus
985 1085 1108 1115 assidet
1134 1085 1314 1116 insidiatur-

710 1144 775 1174 que
798 1145 836 1165 ac
859 1145 927 1175 prae
950 1136 1077 1166 caeteris
1092 1135 1314 1167 inflammatio-

710 1185 752 1222 ni,
784 1195 883 1226 quam
910 1196 978 1216 rem
1006 1185 1215 1222 offensiones,
1239 1197 1314 1227 quae

710 1235 779 1266 fieri
820 1236 973 1273 assolent,
1010 1242 1122 1276 aperte
1161 1237 1312 1268 indicant.

711 1286 831 1316 Pariter
853 1287 940 1317 enim
963 1297 1037 1317 cum
1060 1286 1314 1318 inflammatione

711 1335 875 1376 glandulae
903 1336 977 1368 ilico
1000 1342 1127 1368 tument
1150 1337 1314 1378 febrisque

711 1387 899 1427 insequitur.
945 1387 1027 1419 Sunt
1049 1393 1158 1418 autem
1177 1388 1244 1419 duo
1260 1399 1313 1429 ge·

710 1447 798 1474 nera,
821 1443 856 1468 ut
878 1437 940 1468 sub
964 1437 1101 1469 formula
1123 1439 1267 1479 quadam
1282 1439 1314 1470 in

711 1488 885 1527 praesentia
899 1488 1106 1525 disseramus,
1117 1489 1218 1520 altera
1230 1500 1314 1520 com-

711 1538 817 1568 munis
847 1539 1009 1576 omnibus,
1041 1538 1110 1570 lues
1137 1539 1312 1580 appellata,

711 1587 820 1625 altera,
844 1599 919 1629 quae
942 1599 985 1620 ex
1008 1599 1111 1630 prauo
1134 1600 1172 1621 ac
1195 1590 1313 1630 peculi·

711 1639 756 1669 ari
788 1639 875 1670 uictu
905 1640 1159 1680 intemperanter
1181 1642 1314 1672 uiuenti-

711 1689 773 1720 bus
806 1690 934 1721 accidit.
988 1690 1112 1721 Harum
1146 1692 1313 1732 utriusque

711 1749 810 1770 causa
832 1751 875 1771 ex
898 1751 982 1771 aere.
1026 1741 1150 1772 Verum
1172 1752 1313 1773 commu-

711 1790 760 1820 nis
793 1790 892 1822 febris
925 1797 1099 1831 propterea
1131 1794 1313 1824 communis

711 1845 770 1877 est,
801 1841 891 1881 quod
922 1852 1037 1872 omnes
1059 1843 1199 1874 eundem
1222 1844 1313 1883 spiri-

710 1896 779 1921 tum
809 1891 950 1929 trahunt,
985 1903 1126 1933 cumque
1153 1893 1248 1924 simili
1275 1895 1313 1925 si—

710 1941 826 1973 militer
848 1943 978 1982 spiritus
993 1943 1176 1981 misceatur,
1192 1944 1313 1975 similes

710 1991 809 2022 etiam
845 1992 952 2024 febres
984 2000 1190 2034 generantur.

710 2042 842 2074 obiiciet
866 2043 1003 2074 sortasse
1026 2043 1155 2085 aliquis:
1179 2055 1236 2076 cur
1258 2046 1313 2086 igi-

709 2098 762 2123 tur
783 2103 849 2124 non
871 2094 1025 2125 omnibus
1040 2095 1242 2131 animalibus,
1254 2097 1312 2127 sed

710 2144 821 2182 generi
852 2154 964 2175 eorum
993 2146 1133 2185 cuipiam
1161 2146 1312 2177 accidunt

710 2193 792 2224 tales
815 2193 937 2225 morbi?
970 2195 1136 2226 Dicerem:
1162 2207 1202 2227 eo
1223 2197 1312 2236 quod

711 2243 816 2274 differt
838 2255 957 2285 corpus
980 2255 1000 2276 a
1022 2256 1159 2286 corpore
1182 2252 1215 2277 et
1231 2247 1314 2278 inter

710 2299 858 2325 naturam
890 2301 1104 2336 naturamque
1132 2297 1313 2328 differentia

1335 393 1345 418 5

1336 644 1366 663 10

1333 1149 1366 1168 20

1333 1400 1362 1426 25

1334 1653 1365 1680 30

1333 1906 1361 1933 35

1246 1994 1312 2026 Sed
1341 2028 1343 2030 ,

1331 2157 1364 2182 4ο
