1598 2592
0 1338 9 1347 θ
0 1312 2 1319 ’
4 1278 10 1295 aa
0 1251 8 1270 Μ
0 790 11 1243 ''A-mmmm·-
0 429 9 781 x-W-—v—
0 386 2 391 ἡ
0 335 2 350 -Α
0 303 2 305 -
0 263 1 266 Α

45 176 162 208 differt.
206 176 282 207 Non
304 176 391 206 enim
413 175 564 206 omnibus
583 175 649 205 ani-

46 227 203 258 mantium
239 226 415 267 generibus
448 226 564 257 eadem
597 224 649 256 uel

45 287 112 308 non
139 277 337 308 conueniunt
363 276 416 308 uel
439 276 648 312 conueniunt,

46 328 105 360 sed
128 327 191 359 alia
205 326 275 359 aliis
290 332 435 368 prosunt.
471 325 554 357 Cum
570 336 649 366 ergo

47 388 102 409 aer
123 377 237 409 talium
258 378 494 418 contagiorum,
513 386 588 417 quae
603 387 648 407 re-

46 434 195 470 pugnant
217 434 342 459 naturae
357 427 518 464 humanae,
534 426 650 467 plenus

47 479 151 516 suerit,
179 483 248 509 tum
270 478 419 509 homines
441 478 574 509 morbos
597 487 650 518 pa-

46 530 177 560 tiuntur.
206 527 290 560 Cum
303 539 381 560 uero
394 528 486 559 alteri
497 529 649 568 cuiquam

47 579 234 611 animalium
255 580 366 620 generi
382 589 437 610 aer
448 579 649 615 aduersatur,

46 635 124 662 tunc
146 629 200 661 illa
221 630 343 661 morbis
366 629 558 661 afficiuntur.

89 752 93 757 ·
98 738 127 771 7.
164 730 232 761 Eos
247 731 345 771 igitur
355 730 489 761 morbos
500 730 650 766 diximus,

48 781 104 822 qui
126 780 248 821 publici
269 786 354 816 sunt,
373 785 407 811 et
421 780 511 821 quod
526 785 559 811 et
574 790 651 820 quo-

47 831 149 863 modo
179 836 212 862 et
242 831 362 872 quibus
390 836 423 862 et
450 831 536 862 unde
559 830 650 862 fiunt.

47 881 132 913 Eam
154 886 266 912 autem
289 881 423 918 febrem,
445 891 520 921 quae
543 882 584 912 sit
607 881 650 911 ob

48 931 233 973 improbum
245 932 377 969 uictum,
388 941 572 972 percurram
582 931 650 962 tibi.

49 981 136 1014 Mala
154 987 205 1013 est
220 987 330 1013 autem
345 983 444 1013 diaeta
455 982 650 1019 huiusmodi,

48 1038 83 1064 et
112 1043 187 1064 cum
219 1033 292 1073 quis
320 1032 465 1073 pluribus
492 1031 652 1064 alimentis

48 1093 106 1114 seu
137 1083 278 1114 humidis
309 1084 378 1114 siue
409 1083 503 1114 siccis
532 1082 652 1114 afficiat

48 1143 166 1174 corpus
188 1143 286 1174 quam
309 1133 392 1164 serre
410 1134 523 1174 possit,
539 1133 651 1164 labore

49 1183 137 1215 nullo
148 1183 344 1215 multitudini
357 1183 583 1215 alimentorum
595 1194 651 1224 op-

49 1235 167 1275 posito,
190 1240 224 1266 et
245 1244 319 1265 curn
341 1235 431 1265 uaria
453 1235 536 1265 inter
549 1244 652 1274 seque

41 1284 379 1331 „dissimiliaimmittat
391 1284 553 1316 alimenta.
582 1285 652 1315 Dis-

50 1334 166 1366 similia
187 1336 274 1366 enim
297 1335 456 1366 dissident
477 1341 511 1366 et
533 1335 595 1366 alia
613 1335 652 1366 ci-

4 1387 10 1409 ,⁴
50 1386 124 1423 tius,
139 1385 203 1417 alia
216 1387 318 1417 serius
333 1391 541 1417 maturantur.
575 1385 654 1416 Post

50 1435 291 1467 multitudinem
313 1437 410 1477 igitur
431 1436 577 1467 ciborum
593 1437 653 1476 spi-

51 1486 131 1517 ritus
157 1487 342 1518 necessario
369 1486 490 1517 multus
517 1486 654 1526 ingredi-

0 1549 7 1579 χ
51 1542 112 1568 tur.
156 1537 241 1567 Nam
272 1547 347 1568 cum
379 1537 417 1567 iis
447 1537 599 1567 omnibus
621 1542 653 1567 et

0 1615 12 1632 ν.
51 1597 126 1628 quae
149 1587 351 1618 comedimus
373 1593 407 1618 et
421 1597 496 1627 quae
512 1587 654 1618 bibimus

4 1639 16 1650 ”
50 1638 182 1678 spiritus
197 1638 295 1669 intrat
310 1638 342 1668 in
354 1648 474 1678 corpus
485 1642 541 1668 aut
553 1638 655 1668 maior

8 1687 10 1691 ’
51 1693 108 1719 aut
129 1688 242 1719 minor.
286 1688 324 1719 Id
347 1694 456 1719 autem
472 1687 533 1719 hac
549 1698 583 1718 re
599 1697 653 1728 pa-

51 1743 107 1769 tet.
151 1738 380 1770 Eructationes
404 1739 491 1769 enim
514 1744 590 1779 post
613 1739 653 1769 ci-

51 1788 202 1820 bationes
227 1790 444 1830 potionesque
466 1799 566 1829 quam
588 1788 654 1828 plu-

52 1839 140 1870 rimis
168 1838 259 1870 fiunt.
314 1839 462 1870 Recurrit
488 1840 575 1870 enim
602 1849 653 1870 oc-

52 1888 161 1920 clusus
183 1899 247 1926 aer,
269 1900 345 1921 cum
359 1889 474 1927 bullas,
490 1890 522 1920 in
535 1890 654 1930 quibus

53 1939 272 1978 absconditur,
285 1940 443 1972 reciderit.
471 1940 586 1981 Itaque
598 1940 654 1971 ubi

52 1999 172 2030 corpus
194 1990 352 2030 repletum
368 1990 460 2021 suerit
475 1991 603 2022 cibariis
616 2000 654 2021 ac

53 2041 175 2080 spiritu,
203 2050 323 2081 corpus
349 2040 522 2081 plurimum
546 2051 654 2072 excre-

53 2091 123 2127 scit,
129 2090 210 2121 cibis
216 2090 337 2122 diutius
343 2091 560 2122 manentibus.
569 2091 654 2122 Nam

30 2140 221 2172 esculenta
259 2146 388 2182 tempus
429 2147 545 2178 terunt,
581 2152 655 2172 cum

53 2196 187 2231 propter
219 2191 457 2223 multitudinem
490 2198 656 2232 nequeunt

54 2242 200 2272 transire.
253 2241 406 2273 Inferiore
438 2248 548 2274 autem
581 2242 655 2273 aluo

55 2291 216 2329 obturata,
240 2292 422 2323 discurrunt
444 2292 540 2324 flatus
563 2293 594 2323 in
611 2299 656 2323 to-

1228 98 1263 128 15

705 180 756 205 est
778 174 954 216 cibumque
976 180 1009 205 et
1031 174 1149 206 cibum.
1191 174 1310 215 Neque

706 226 792 256 enim
823 226 933 256 omnia
959 226 1171 256 animantium
1198 226 1308 265 generi

706 276 924 316 inopportuna
935 276 1061 313 eadem,
1075 286 1181 316 neque
1194 286 1309 316 oppor-

706 331 784 357 tuna
806 332 890 363 sunt,
914 337 1028 358 uerum
1046 326 1109 357 alia
1124 326 1193 358 aliis
1209 325 1308 357 utilia.

706 376 793 408 Inter
820 377 891 408 haec
919 377 1016 417 igitur
1037 387 1112 408 cum
1135 387 1190 408 aer
1211 377 1308 408 insec-
1329 389 1343 416 5

706 428 795 458 tione
818 427 989 464 imbuatur,
1005 437 1081 468 quae
1093 427 1246 458 humanae
1258 437 1310 458 na-

706 483 788 509 turae
819 478 949 509 inimica
979 479 1030 515 sit,
1062 483 1139 509 tunc
1161 478 1310 508 homines

707 533 879 569 aegrotant.
933 527 1076 568 Quando
1112 539 1190 559 uero
1219 528 1310 559 alteri

707 579 849 619 cuipiam
864 579 1076 610 animantium
1092 588 1148 610 aer
1160 580 1310 619 inoppor-

707 633 805 660 tunus
827 630 878 666 sit,
901 634 971 660 tum
992 639 1032 661 ea
1049 629 1103 660 illa
1116 629 1310 670 aegritudine
1331 642 1365 661 10

706 679 865 711 laborant.

757 736 786 769 7.
831 729 916 770 Quae
948 730 1044 770 igitur
1075 730 1215 770 publicae
1247 730 1311 761 sint

708 781 928 821 aegritudines,
963 781 1085 811 dictum
1117 785 1176 817 est,
1200 786 1233 811 et
1255 790 1312 811 cur

707 836 741 862 et
773 831 940 871 quomodo
967 836 1001 862 et
1027 831 1146 871 quibus
1169 836 1202 862 et
1224 831 1311 862 unde

707 881 797 912 fiunt.
846 881 985 912 Febrem
1016 887 1136 918 autem,
1167 892 1242 922 quae
1270 891 1311 912 ex
1332 895 1362 921 15

709 932 795 963 uictu
814 932 1033 972 inopportuno
1048 938 1231 972 generatur,
1247 932 1311 963 iarn

707 982 766 1013 tibi
789 982 971 1023 explicabo.
1006 983 1066 1014 Est
1081 988 1191 1014 autem
1207 981 1311 1013 malus

707 1033 932 1063 huiuscemodi
963 1033 1078 1070 uictus,
1106 1034 1222 1074 partim
1245 1033 1312 1073 qui-

708 1083 783 1114 dem
822 1094 896 1114 cum
929 1083 1021 1124 plura
1053 1084 1126 1124 quis
1159 1083 1312 1114 alimenta

707 1133 841 1164 humida
872 1139 928 1165 aut
956 1134 1042 1165 sicca
1071 1145 1170 1174 quam
1193 1144 1311 1174 corpus
1331 1146 1368 1166 20

709 1184 789 1215 serre
812 1184 916 1224 possit
938 1185 1064 1224 corpori
1080 1185 1234 1216 exhibeat
1246 1183 1312 1215 nul-

708 1234 839 1275 lumque
870 1234 1016 1266 laborem
1043 1235 1142 1266 nimio
1164 1241 1313 1275 opponat

708 1285 792 1322 cibo,
824 1286 942 1325 partim
973 1296 1047 1316 cum
1077 1286 1186 1316 uarios
1213 1291 1312 1326 atque

709 1336 849 1366 inuicem
863 1335 1034 1366 dissimiles
1046 1336 1199 1367 immittat
1210 1336 1312 1372 cibos,

709 1386 876 1417 dissimilia
893 1386 1054 1426 siquidem
1070 1391 1254 1427 repugnant
1270 1387 1312 1417 in·
1331 1399 1365 1425 25

709 1442 759 1467 ter
789 1447 824 1467 se
856 1436 1081 1477 dissidentque
1104 1443 1137 1467 et
1159 1437 1313 1477 quaedam

710 1486 854 1523 celerius,
879 1487 1032 1527 quaedam
1055 1487 1178 1518 tardius
1197 1498 1313 1518 conco-

710 1542 862 1577 quuntur.
909 1536 991 1568 Cum
1019 1537 1129 1568 multis
1156 1538 1253 1578 igitur
1275 1538 1314 1568 ci-

709 1587 808 1618 bariis
835 1587 972 1618 multum
994 1588 1092 1619 etiam
1115 1588 1248 1628 spiritus
1271 1589 1314 1619 in-

710 1638 802 1678 gredi
821 1648 955 1669 necesse
971 1643 1030 1669 est.
1065 1638 1147 1670 Cum
1163 1639 1314 1670 omnibus
1334 1650 1370 1677 30

710 1689 806 1725 enim,
825 1698 899 1729 quae
921 1689 1135 1720 comeduntur
1150 1689 1313 1720 bibuntur-

711 1749 784 1779 que,
807 1738 881 1779 plus
900 1740 1032 1780 spiritus
1047 1740 1196 1771 minusue
1212 1740 1313 1780 ingre-

710 1789 796 1820 ditur
817 1799 945 1830 corpus.
980 1789 1093 1830 Atque
1116 1790 1178 1821 hoc
1194 1791 1314 1830 perspi-

710 1850 807 1870 cuum
829 1840 891 1871 hac
914 1850 948 1870 re
970 1851 1043 1871 esse
1059 1845 1177 1881 potest,
1190 1846 1313 1871 eructa-

710 1890 816 1921 tiones
848 1891 1011 1931 siquidem
1042 1891 1206 1931 plerisque
1237 1897 1314 1931 post
1334 1902 1367 1929 35

711 1940 871 1972 admissos
893 1941 984 1972 cibos
1001 1942 1216 1982 potionesque
1232 1942 1314 1973 acci-

710 1991 800 2022 dunt.
833 1991 918 2022 Nam
934 1992 1066 2023 recurrit
1081 1991 1231 2023 occlusus
1249 2002 1313 2027 aer,

711 2047 886 2082 postquam
914 2042 1079 2082 resregerit
1102 2042 1259 2083 pustulas,
1283 2043 1314 2073 in

710 2092 830 2132 quibus
852 2091 941 2123 latet.
978 2093 1119 2134 Quando
1135 2093 1232 2133 igitur
1247 2103 1314 2124 cor—

711 2152 773 2182 pus
795 2142 876 2173 cibis
892 2142 1052 2183 impletur,
1068 2143 1200 2183 spiritus
1215 2143 1313 2174 etiam
1332 2153 1372 2178 4ο

711 2192 857 2223 abundat
900 2193 981 2224 cibis
1025 2194 1312 2224 commorantibus.

713 2242 963 2274 Commorantur
993 2250 1103 2275 autem
1129 2244 1202 2280 cibi,
1226 2244 1315 2284 quod

763 2312 794 2330 22
812 2306 926 2338 opponit
943 2305 1030 2331 codex
1047 2307 1169 2338 opponat
1185 2306 1262 2340 impr.
