1598 2592
40 150 144 183 entes,
167 145 219 177 alii
237 156 316 177 uero
331 156 406 177 cum
421 147 547 187 pituita.
581 147 644 178 De-

42 196 245 228 seruescente
267 203 376 228 autem
396 207 513 237 spuma
529 202 563 228 et
574 207 644 228 san-

39 247 139 288 guine
150 247 340 287 quiescente
358 252 392 278 et
401 247 534 279 redacto
544 248 586 278 ad
597 258 644 279 se-

39 297 212 329 renitatem
229 307 364 338 corpore
377 298 511 329 morbus
526 303 641 330 cessat.

95 353 142 387 15.
178 347 279 388 Igitur
300 358 343 379 ex
364 348 414 379 his
431 348 584 379 omnibus
599 350 642 380 ui-

38 397 159 429 dentur
179 399 268 429 uenti
289 398 508 439 multipliciter
522 404 558 430 ut
569 409 642 430 cau-

39 458 88 479 sae
109 448 246 489 operari,
270 448 333 480 alia
355 459 433 480 uero
450 449 560 480 omnia
574 455 644 481 tum

39 498 135 530 simul
143 504 329 540 operantur,
337 504 406 530 tum
413 505 538 540 postea.
547 500 643 531 Hanc

39 554 151 581 autem
183 559 256 580 esse
289 550 477 580 morborum
510 560 643 582 causam

38 599 253 631 ostendimus.
290 599 454 631 Pollicitus
468 601 555 631 enim
571 611 644 632 sum

39 650 228 681 morborum
239 659 372 681 causam
383 651 499 687 dicere,
510 651 643 682 demon-

38 701 140 732 straui
163 706 272 732 autern
294 701 443 741 spiritum
465 706 499 732 et
520 702 552 732 in
572 701 643 733 aliis

40 751 138 782 rebus
149 751 216 781 uim
227 751 348 782 habere
360 757 394 782 et
405 752 437 782 in
451 752 642 792 corporibus

39 801 263 839 animantium,
276 801 416 833 dicendo
429 812 507 833 uero
519 802 643 843 profecf

38 856 93 882 tus
107 862 180 882 sum
195 852 227 882 in
243 853 464 893 cognitionem
481 858 550 883 tum
562 863 641 884 mor-

38 901 165 939 borum,
181 907 251 933 turn
266 903 366 933 etiam
381 903 641 943 aegrotationum,

38 952 71 983 in
83 952 203 992 quibus
216 952 350 993 quidem
362 953 459 984 rebus
471 963 549 984 uera
561 964 640 994 prae-

37 1003 148 1043 ceptio
163 1004 323 1043 apparuit.
358 1003 410 1034 De
423 1005 638 1044 aegrotationi-

38 1052 101 1084 bus
122 1058 233 1084 autem
255 1054 282 1084 si
304 1053 456 1090 dicerem,
481 1054 579 1085 nihilo
595 1060 641 1086 ta-

39 1113 115 1134 men
145 1109 233 1135 esset
263 1105 367 1135 oratio
396 1110 507 1135 nostra
533 1115 640 1146 neque

38 1154 146 1185 uerior
166 1164 227 1185 nec
250 1154 456 1195 probabilior.

1221 72 1259 100 33

700 146 890 178 deseruente
939 147 1184 188 constitutoque
1232 157 1302 178 san-

700 198 799 238 guine
826 207 864 228 ac
886 197 1117 238 tranquillitate
1139 202 1210 229 toto
1233 208 1302 229 cor-

699 257 779 288 pore
802 248 938 286 reddita,
962 253 1071 279 cessat
1093 249 1265 289 aegritudo.

755 354 801 388 15.
846 348 988 389 Liquido
1018 349 1115 390 igitur
1145 359 1204 390 per
1230 349 1302 380 haec

700 399 810 430 omnia
831 402 961 430 constat
982 409 1153 430 causarum
1169 400 1234 431 uim
1247 410 1301 440 po-

699 450 859 480 tissimum
875 450 907 480 in
922 449 1052 481 flatibus
1066 460 1148 487 esse,
1161 450 1302 491 reliquas

699 505 808 530 autem
848 510 963 531 omnes
999 510 1178 532 concausas
1214 507 1302 541 post-

699 560 890 591 causasque.
939 550 1124 582 Dicendum
1146 557 1300 588 ceterum,

699 610 853 641 quaenam
885 602 928 632 sit
959 601 1160 642 aegritudinis
1190 612 1299 639 causa,

699 651 789 691 quod
811 652 945 691 quidem
967 652 1031 683 iam
1053 662 1300 692 proposueram,

699 701 901 733 declaratum
916 712 998 733 esse.
1035 702 1174 734 Ostendi
1191 708 1300 734 autem

699 752 847 792 spiritum
859 758 928 783 tum
941 753 1038 784 rebus
1050 752 1129 790 aliis,
1140 759 1209 784 tum
1222 764 1300 784 uero

698 802 889 843 corporibus
904 803 1117 834 animantium
1131 804 1299 842 dominari,

699 852 902 894 perduxique
932 864 1116 885 sermonem
1146 854 1188 885 ad
1219 865 1301 886 mor-

698 903 813 934 borum
841 904 1138 945 aegritudinumque
1165 906 1301 945 agnitio-

698 964 783 992 nem,
813 954 845 984 in
873 954 991 994 quibus
1013 956 1103 995 quod
1126 966 1301 996 proposue-

698 1014 806 1035 ramus
829 1015 941 1035 uerum
964 1015 1037 1036 esse
1059 1006 1218 1046 apparuit.
1253 1006 1301 1037 At

697 1065 777 1085 uero
808 1055 893 1086 circa
921 1057 1155 1095 aegrotationes
1177 1057 1204 1087 si
1227 1067 1300 1087 eua-

697 1106 766 1145 gari
797 1105 904 1142 uelim,
936 1105 1063 1147 longior
1091 1116 1169 1137 sane
1197 1108 1300 1138 oratio

698 1155 801 1192 fuerit,
816 1156 923 1187 uerior
945 1162 1054 1187 autem
1070 1156 1169 1188 nihilo
1185 1158 1299 1198 magis,

697 1216 803 1246 neque
826 1206 890 1237 fide
913 1207 1049 1248 dignior.

750 1293 758 1311 1
779 1285 950 1318 deferbuente
966 1285 1060 1317 codeX,
1072 1286 1208 1320 deferbuit
1223 1287 1300 1322 impr.

696 1326 712 1352 6
739 1333 800 1353 ante
827 1335 977 1353 causarum
1004 1327 1064 1354 add.
1094 1337 1191 1354 ueram
1222 1329 1298 1364 impr.

700 1376 729 1402 19
746 1375 808 1395 ante
827 1370 900 1395 circa
916 1369 977 1395 add.
995 1370 1090 1402 codex,
1108 1379 1162 1397 om.
1181 1370 1257 1405 impr.
1275 1372 1303 1396 si

698 1417 725 1436 21
747 1410 822 1436 nihil
837 1411 924 1437 codex
943 1418 970 1437 et
988 1412 1064 1446 impr.

114 2319 142 2340 A.
157 2320 252 2341 Netum

1322 360 1332 386 5

1322 613 1353 631 10

1322 865 1350 891 15

1320 1117 1354 1137 20
