1598 2592
63 181 166 212 quam
196 175 276 207 arte.
306 168 365 200 sed
387 168 502 209 peritia
524 168 556 198 in
579 167 668 198 hisce

65 221 236 262 imperitiae
251 224 386 261 praestat
399 218 581 259 plurimum.
611 217 669 248 At-

64 273 122 313 qui
157 280 257 302 unum
291 269 450 311 quiddam
482 279 501 300 e
534 278 669 299 numero

66 322 180 353 talium
208 321 271 352 hoc
297 325 362 352 est:
393 329 547 360 quaenam
569 328 670 350 causa

65 373 110 404 sit
139 371 337 407 morborum,
369 370 526 411 quodque
554 369 669 410 princi-

66 423 157 464 pium
187 427 221 454 et
250 431 349 462 quem
380 420 505 452 sontem
527 419 671 451 habeant

65 483 116 511 ea,
149 482 226 513 quae
257 473 289 503 in
317 481 455 511 corpore
477 470 563 501 mala
584 474 669 500 sunt.

66 523 153 555 Nam
181 523 209 554 si
230 523 303 563 quis
325 522 410 553 norit
431 521 577 562 corporis
598 530 671 551 cau-

64 584 148 611 sam,
170 578 270 614 queat
292 573 319 604 is
341 582 430 609 sane,
453 582 528 612 quae
544 571 671 611 corpori

65 624 265 660 conducunt,
289 623 413 660 afferre,
436 621 599 662 siquidem
617 621 670 652 ha-

66 675 146 707 beat
171 684 283 706 earum
310 683 417 704 rerum
439 672 670 713 cognitionem,

66 735 143 766 quae
153 724 270 756 morbo
279 725 342 764 ipsi
351 723 575 755 aduersantur.
587 722 671 752 Haec

65 776 155 807 enim
169 775 331 806 medicina
345 780 395 805 est
406 774 549 804 maxime
560 782 672 804 secun-

66 827 148 858 dum
180 830 339 857 naturam.
393 823 557 855 Continuo
585 823 672 854 enim

69 876 172 908 sames
184 876 318 907 morbus
330 880 389 906 est.
413 875 499 906 Nam
508 879 673 915 quotquot

68 926 191 958 homini
206 926 309 958 tristia
323 930 408 962 sunt,
424 925 529 956 morbi
540 924 672 955 nomine

68 982 237 1008 uocantur.
292 975 470 1016 Quodnam
498 975 595 1016 igitur
622 980 672 1005 est

68 1027 164 1059 samis
185 1025 479 1058 medicamentum?
514 1026 552 1056 Id
574 1030 671 1062 certe,

66 1088 136 1119 quo
174 1077 277 1109 sames
309 1077 448 1117 quiescit
483 1086 521 1107 ac
554 1080 671 1106 cessat.

69 1128 144 1160 Hoc
176 1134 286 1159 autem
319 1137 396 1158 esca
426 1131 476 1158 est
506 1126 563 1163 i11i;
596 1135 672 1157 esca

67 1179 157 1210 enim
199 1178 379 1210 curandum
422 1183 482 1208 est.
547 1176 673 1207 Rursus

67 1230 169 1260 etiam
199 1229 286 1260 sitim
312 1228 436 1259 amouit
463 1233 570 1268 potus,
594 1227 673 1258 item

67 1290 202 1320 quoque
235 1278 447 1320 repletionem
480 1283 571 1309 curat
601 1287 674 1308 eua-

67 1330 188 1367 cuatio,
218 1330 467 1361 euacuationem
494 1333 603 1359 autem
627 1338 674 1359 re-

70 1380 182 1421 pletio,
205 1380 351 1411 laborem
367 1389 446 1410 uero
461 1379 582 1410 laboris
597 1379 674 1409 cari-

71 1431 162 1468 tudo,
192 1436 226 1462 at
252 1430 373 1461 laboris
395 1429 608 1461 caritudinem
631 1428 673 1459 la-

70 1481 140 1519 bor,
173 1486 207 1512 et
239 1486 275 1511 ut
307 1480 409 1511 verbo
439 1490 505 1510 uno
531 1479 675 1510 breuiter

69 1530 285 1572 complectar:
317 1530 477 1561 contraria
503 1535 580 1561 sunt
601 1540 675 1560 con-

69 1582 242 1613 trariorum
254 1582 447 1612 curationes.
479 1580 564 1611 Nam
577 1579 675 1611 medi-

69 1633 145 1664 cina
163 1637 213 1663 est
229 1631 353 1663 additio
367 1637 402 1662 et
416 1630 553 1668 ablatio;
570 1630 675 1661 aufert

71 1683 159 1714 enim
170 1693 244 1723 quae
256 1682 354 1713 nimia
366 1686 450 1718 sunt,
462 1681 554 1712 addit
565 1686 675 1712 autem

70 1743 147 1774 quae
163 1732 328 1764 deficiunt.
361 1732 426 1773 Qui
439 1742 517 1762 uero
529 1731 675 1772 pulcher-

73 1783 153 1814 rime
175 1783 238 1814 hoc
261 1783 382 1819 fecerit,
405 1783 432 1813 is
455 1782 598 1822 optimus
613 1791 676 1812 me-

72 1834 167 1865 dicus
188 1834 230 1864 sit
252 1833 387 1870 futurus,
410 1833 469 1864 sed
484 1833 540 1873 qui
556 1832 598 1863 ab
614 1832 676 1863 hoc

71 1883 198 1915 alienus
220 1889 271 1915 est
292 1883 475 1924 plurimum,
499 1883 526 1914 is
547 1883 589 1914 ab
607 1887 676 1914 arte

71 1944 173 1975 quam
195 1934 369 1975 plurimum
384 1933 493 1965 distat.
525 1933 607 1964 Haec
622 1933 676 1972 igi-

74 1990 134 2022 tur,
166 1994 240 2025 quae
271 1985 314 2015 ad
344 1994 394 2021 ea,
421 1984 463 2015 de
490 1983 608 2024 quibus
631 1983 676 2014 di-

72 2035 215 2066 cendum
238 2040 297 2072 est,
316 2035 489 2075 pertinent,
505 2034 612 2065 minus
627 2043 677 2064 ac-

71 2091 185 2117 curate
207 2085 305 2116 locuti
328 2095 449 2116 sumus.

127 2163 155 2188 15
166 2155 262 2189 fames
282 2155 322 2189 (ut
341 2154 409 2181 infra
419 2155 519 2189 famis,
530 2154 635 2188 sames)
651 2154 678 2180 iu

73 2205 125 2224 ras.
143 2197 177 2223 al.
196 2206 232 2223 m.

1263 86 1278 115 7

725 170 869 207 praestat.
902 164 1015 206 Atque
1027 174 1151 201 eorum,
1163 173 1239 204 quae
1252 167 1328 194 sunt

725 215 894 253 eiusmodi.
909 216 972 247 hoc
984 225 1085 246 unum
1096 219 1161 245 est:
1177 223 1328 254 quaenam

725 267 767 298 sit
800 266 1030 308 aegritudinum
1065 275 1164 296 causa
1197 264 1329 305 quodue

725 317 919 358 principium
942 316 1072 347 exsistit
1094 320 1126 346 et
1146 315 1218 346 sons
1232 314 1330 346 malo-

726 378 797 399 rum
819 367 948 408 corpori
964 367 1190 398 accidentium.
1227 364 1263 396 Si
1278 365 1329 396 cui

727 419 813 449 enirn
834 418 1023 449 morborum
1042 426 1142 448 causa
1158 420 1330 456 perspecta

728 469 890 506 suerit,hic
895 468 1024 509 poterit,
1034 477 1109 508 quae
1119 466 1247 507 corpori
1257 476 1331 497 con-

726 520 846 550 ducere
858 518 997 555 ualeant‚
1010 518 1196 554 admouere,
1209 517 1331 557 quippe

727 570 782 611 qui
798 580 842 601 ex
857 569 1025 600 contrariis
1040 568 1251 609 aegritudines
1263 567 1331 598 fieri

727 631 794 651 non
809 621 946 661 ignoret.
981 620 1067 650 Nam
1082 619 1154 650 haec
1170 618 1331 649 medicina

727 671 883 711 imprimis
910 675 960 701 est
982 669 1146 701 naturalis.
1190 669 1272 699 Mox
1293 668 1332 699 si-

727 721 861 762 quidem
893 721 995 752 fames
1027 720 1188 760 aegritudo
1219 723 1269 750 est
1290 737 1332 741 —

727 772 887 812 quidquid
927 771 1012 802 enim
1049 770 1198 801 molestia
1233 769 1333 800 afficit

728 822 904 859 hominem,
928 822 960 852 id
980 821 1086 861 ipsum
1101 820 1262 861 aegritudo
1278 830 1332 850 uo-

728 878 871 904 catur—
884 872 962 913 quid
985 877 1035 902 est
1057 871 1155 912 igitur
1178 871 1271 902 samis
1287 880 1332 901 re—

729 922 891 954 medium?
933 923 1032 964 Quod
1056 922 1174 952 famem
1190 926 1332 952 amouet.

729 974 803 1005 Hoc
836 979 947 1005 autem
979 977 1029 1003 est
1057 972 1162 1009 cibus;
1194 971 1248 1002 illo
1271 971 1334 1002 hoc

729 1025 918 1055 curandum.
964 1024 1090 1054 Rursus
1107 1023 1195 1053 sitim
1210 1022 1334 1053 amouit

729 1075 829 1115 potio,
860 1079 974 1105 contra
1000 1073 1214 1114 repletionem
1240 1078 1335 1103 sanat

729 1126 910 1162 euacuatio,
924 1125 1173 1155 euacuationem
1185 1123 1330 1163 repletio,

729 1176 874 1207 laborem
897 1176 999 1216 quies,
1022 1175 1166 1215 quietem
1181 1173 1274 1205 labor
1289 1178 1334 1204 at-

729 1237 804 1267 que,
838 1231 874 1256 ut
906 1236 971 1256 una
1004 1225 1160 1265 breuique
1187 1225 1333 1255 oratione

730 1276 938 1317 complectar,
973 1276 1135 1307 contraria
1167 1275 1334 1306 contrariis

730 1333 891 1358 curantur.
936 1326 1068 1357 Etenim
1096 1321 1258 1356 medicina
1285 1330 1335 1356 est

731 1378 855 1408 additio
898 1377 1133 1416 detractioque,
1175 1376 1334 1407 detractio

730 1427 990 1464 exuberantium,
1025 1426 1149 1458 additio
1184 1426 1334 1457 deficien-

731 1479 821 1516 tium,
853 1478 975 1518 quique
1005 1477 1068 1508 hoc
1097 1477 1221 1517 optime
1249 1477 1334 1512 facit,

732 1529 875 1569 optimus
898 1533 948 1559 est
970 1527 1126 1564 medicus,
1150 1528 1206 1567 qui
1225 1532 1335 1558 autem

732 1579 774 1610 ab
804 1579 867 1610 hoc
898 1578 1071 1619 plurimum
1098 1578 1249 1615 abcessit,
1268 1577 1335 1618 plu-

732 1630 848 1660 rimum
870 1629 913 1660 ab
936 1634 1003 1660 arte
1026 1629 1185 1659 discessit.
1222 1627 1334 1668 Atque

732 1680 914 1711 accessoria
936 1679 1069 1720 quidem
1091 1679 1205 1710 suturae
1221 1679 1335 1710 oratio-

733 1731 782 1761 nis
804 1731 869 1761 iam
891 1730 978 1761 dicta
1000 1735 1085 1761 sunt.

786 2161 796 2179 1
817 2154 924 2185 prestet
948 2152 1034 2178 codex
1056 2153 1166 2185 prqstat
1191 2152 1268 2186 impr.

733 2203 748 2229 7
766 2195 913 2221 conducere
934 2194 1049 2220 ualeant
1065 2195 1176 2227 corpori
1190 2194 1267 2228 impr.

1352 627 1384 646 10

1353 880 1380 906 15

1351 1133 1385 1152 20

1353 1385 1383 1411 25

1355 1638 1388 1662 30

1355 1890 1383 1916 35
