1598 2592
341 76 377 104 18

296 157 468 196 εὒδιέξοδός
490 157 584 191 ἐστιν·
612 157 716 202 ὥσπερ
738 160 798 201 γὰρ
822 157 885 191 ἀπὸ
907 163 965 190 τῶν
987 158 1125 201 λεβήτων
1148 156 1248 200 ἀτμὸς
1271 155 1437 201 ἀνέρχεται
1456 156 1568 195 πολὺς,

298 216 450 262 ἑψομένου
480 222 534 250 τοῦ
565 214 690 255 ὕδατος,
724 214 803 250 οὔτω
833 218 889 250 καὶ
918 221 972 249 τοῦ
996 218 1143 260 σώματος
1164 217 1414 259 θερμαινομένου
1436 213 1569 248 &caseon

300 278 352 309 διὰ
373 281 427 310 τοῦ
450 279 605 320 στόματος
628 275 644 309 ὁ
669 275 729 321 ἀὴρ
753 278 1022 319 συνεστραμμένος
1042 277 1098 308 καὶ
1120 277 1172 318 βίῃ
1187 278 1368 320 φερόμενος.
1395 276 1447 314 [τά
1460 285 1494 308 τι
1508 273 1567 318 ἄρ’·

297 337 364 379 θρα
387 337 546 368 διαλὺεται
567 337 628 379 πρὸ
650 341 708 367 τῶν
730 341 880 378 πυρετῶν·
907 336 1112 378 χλιαινόμενα
1133 336 1193 377 γὰρ
1215 336 1254 367 τὰ
1275 339 1370 377 νεῦρα
1393 329 1569 374 διίσταται]

268 405 279 432 5
301 394 372 428 ὅταν
402 396 436 428 δὲ
463 396 502 438 δὴ
525 396 702 438 συναλισθῄ
725 396 758 426 τὸ
780 395 923 426 πλεῖστον
945 398 999 426 τοῦ
1023 393 1166 437 αἵματος,
1189 393 1455 437 ἀναθερμαίνεται
1474 391 1568 427 πάλιν

299 453 315 487 ὁ
339 453 400 498 ἀὴρ
424 453 440 486 ὁ
464 454 561 498 ψὺξας
587 455 622 486 τὸ
649 452 739 496 αἷμα,
766 454 938 496 κρατηθεὶς
959 450 1019 485 ὑπὸ
1041 458 1097 496 τῆς
1118 454 1256 496 θέρμης·
1284 453 1436 495 διάπυρος
1457 452 1494 485 δὲ
1512 452 1570 486 καὶ

299 512 440 556 ἀμυδρὸς
462 515 626 556 γενόμενος
648 511 712 554 ὅλῳ
734 517 776 554 τῷ
792 514 912 555 σώματι
926 513 980 555 τὴν
995 513 1172 555 θερμασίην
1187 510 1401 555 ἐνειργάσατο·
1423 511 1569 554 συνεργὸν

299 570 412 614 δἀὖτῷ
443 573 477 603 τὸ
510 570 589 614 αἷμά
615 569 709 603 ἐστιν·
737 573 864 614 τήκεται
885 572 944 613 γὰρ
966 571 1184 614 χλιαινόμενον
1206 571 1262 603 καὶ
1282 572 1396 611 γίνεται
1417 569 1450 607 ἐξ
1471 568 1568 603 αὐτοῦ

299 635 434 674 πνεῦμα·
459 635 512 662 τοῦ
536 631 570 662 δὲ
591 631 767 673 πνευματος
789 632 1034 672 προσπίπτοντος
1056 631 1136 672 πρὸς
1156 630 1229 667 τοὺς
1249 632 1368 673 πόρους
1388 633 1443 662 τοῦ
1458 631 1570 674 σῶμα·

251 698 281 718 10
298 701 351 726 τος
373 688 465 732 ἱδρὼς
487 691 613 730 γίνεται·
636 690 670 720 τὸ
694 690 752 731 γὰρ
776 693 896 731 πνεῦμα
919 691 1137 731 συνιστάμενον
1159 686 1242 732 ὕδωρ
1257 693 1360 732 χεῖται
1373 689 1429 721 καὶ
1443 689 1496 721 διὰ
1509 693 1569 721 τῶν

298 751 400 791 πόρων
432 749 557 780 διελθὸν
588 746 791 790 ἐξυδαροῦται
820 749 870 779 τὸν
903 745 995 779 αὐτὸν
1025 750 1149 790 τρόπον,
1172 746 1264 790 ὅνπερ
1287 746 1350 780 ἀπὸ
1372 753 1430 780 τῶν
1451 745 1570 792 ἑψομέ-

298 819 356 840 νων
378 806 497 840 ὑδάτων
522 807 619 850 ᾰτμὸς
641 806 782 844 ἐπανιών,
805 806 842 850 ἢν
864 807 925 850 ἔχῃ
941 809 1102 850 στερέωμα
1117 808 1196 850 πρὸς
1211 806 1228 839 ὅ
1243 819 1271 839 τι
1283 809 1348 851 χρὴ
1359 809 1570 850 προσπίπτειν,

299 868 471 910 παχυνεται
493 868 547 898 καὶ
568 871 746 903 πυκνοῦται,
769 867 824 897 καὶ
845 868 993 906 σταγόνες
1012 864 1236 898 ἀποπίπτουσιν
1253 865 1316 898 ἀπὸ
1330 871 1388 899 τῶν
1402 867 1569 909 πωμάτων,

301 924 347 962 οἷς
370 924 406 957 ἂν
430 924 446 957 ὁ
471 924 569 967 ἀτμὸς
590 927 778 968 προσπίπτῃ.
809 927 898 957 πόνοι
919 925 954 957 δὲ
975 925 1119 968 ’κεφαλῆς
1141 924 1210 968 ἅμα
1231 931 1273 967 τῷ
1295 930 1415 968 πυρετῷ
1436 926 1570 966 γίνονται

253 993 279 1018 ¹5
301 985 352 1016 διὰ
373 985 456 1016 τόδε·
481 986 669 1027 στενοχωρίη
692 989 761 1026 τῇσι
783 984 960 1020 διεξόδοισιν
983 982 1014 1015 ἐν
1032 989 1069 1027 τῇ
1085 985 1209 1028 κεφαλῇ
1224 986 1338 1025 γίνεται
1351 988 1406 1016 τοῦ
1420 982 1567 1028 αῆιατος·

301 1044 471 1086 πέπληνται
493 1044 552 1085 γὰρ
576 1041 608 1074 αἱ
624 1044 736 1086 φλέβες
751 1041 859 1086 ἠέρος·
883 1043 1076 1085 πλησθεῖσαι
1090 1043 1124 1075 δὲ
1137 1044 1192 1075 καὶ
1206 1044 1398 1087 πρησθείσαι
1409 1044 1461 1075 τὸν
1475 1043 1570 1076 πόνον

233 1107 292 1138 104
301 1104 455 1134 ποιέουσιν
477 1107 514 1144 τῇ
537 1102 674 1145 κεφαλῇ·
699 1102 751 1143 βίῃ
773 1103 832 1144 γὰρ
855 1103 889 1133 τὸ
913 1100 993 1144 αἷμα
1011 1103 1193 1145 βιαζόμενον
1209 1102 1262 1135 διὰ
1276 1107 1386 1135 στενῶν
1401 1100 1481 1134 ὁδῶν
1491 1102 1570 1145 &p-

302 1162 358 1203 μὸν
381 1159 430 1192 ἐὸν
453 1158 489 1192 οὐ
505 1161 632 1192 δυναται
647 1161 858 1203 περαιοῦσθαι
872 1163 1008 1204 ταχέως·
1025 1162 1132 1193 πολλὰ
1144 1163 1204 1204 γὰρ
1216 1160 1358 1204 ἐμποδὼν
1371 1159 1455 1204 aba?
1465 1161 1571 1194 mm-

302 1230 386 1262 ματα
400 1220 455 1251 καὶ
466 1218 687 1263 ἐμφράγματα·
708 1220 755 1251 διὸ
768 1219 806 1262 δὴ
819 1220 874 1251 καὶ
885 1218 914 1251 οἱ
926 1221 1061 1263 σφυγμοὶ
1072 1222 1204 1260 γίνονται
1215 1221 1285 1263 περὶ
1295 1221 1368 1257 τοὺς
1377 1221 1568 1264 κροτάφους.

405 1340 414 1358 1
435 1333 451 1369 ἡ
470 1332 579 1366 διέξοδος
591 1332 615 1358 H
629 1332 662 1358 al.
675 1341 711 1359 m.
769 1332 806 1363 ὡς
818 1332 847 1358 Μ
917 1339 931 1358 2
950 1332 1016 1360 οὕτω
1029 1333 1053 1358 Α
1066 1333 1148 1364 οὕτως
1160 1333 1189 1359 Μ
1251 1335 1295 1361 τοῦ
1311 1339 1374 1360 ante
1391 1334 1457 1372 σῶμ.
1469 1340 1526 1360 om.
1537 1331 1568 1360 Μ

301 1382 378 1410 διέσσι
395 1383 420 1408 Α
437 1382 527 1410 διέπει
544 1382 579 1408 A¹
597 1382 667 1410 δίεισι
684 1382 713 1409 Μ
730 1382 834 1410 &aarum
851 1383 944 1417 scripsi
1015 1390 1027 1417 3
1047 1383 1263 1422 ξυνεστραμμὲνος
1280 1384 1390 1411 codices
1457 1389 1520 1411 ante
1535 1383 1570 1411 τά

302 1433 364 1460 add.
376 1431 416 1460 καὶ
429 1433 457 1459 Μ
525 1440 541 1465 4
558 1433 699 1460 διαλύονται
711 1433 740 1459 Μ
751 1434 783 1460 τά
794 1443 822 1460 τε
834 1454 840 1460 .
851 1454 857 1460 .
868 1454 874 1460 .
887 1433 1007 1461 διίσταται
1018 1434 1134 1469 expunxi
1205 1441 1216 1468 5
1237 1434 1320 1462 ἔστ’ᾶν
1330 1434 1356 1461 A
1368 1434 1459 1462 ὁκόταν
1467 1433 1497 1461 Μ
1509 1433 1570 1462 ὅταν

303 1484 407 1509 conieci
418 1483 445 1510 ’δὲ
457 1483 486 1520 δὴ
501 1483 555 1509 ΑΜ
567 1483 594 1511 δὲ
607 1483 630 1509 R
642 1483 671 1521 ’ὀὴ
686 1492 698 1509 r
766 1483 905 1520 ξυναλισθῇ
916 1484 942 1510 Α
955 1485 1040 1511 συναλ.
1051 1484 1079 1510 Μ
1148 1491 1210 1511 ante
1222 1484 1251 1512 τὸ
1263 1485 1382 1513 πλεῖστον
1392 1484 1452 1513 add.
1463 1484 1569 1523 ἁθροισ-

302 1534 347 1561 θὲν
359 1534 387 1559 Μ
400 1544 439 1571 γρ.
452 1532 492 1560 καὶ
509 1535 628 1571 σώματος
640 1533 669 1559 Μ
682 1542 717 1560 m.
732 1542 770 1568 pr.
782 1534 809 1559 in
823 1542 907 1569 marg.
977 1534 1177 1572 διαθερμαίνεται
1193 1535 1222 1562 Μ
1291 1535 1307 1562 6
1324 1535 1425 1574 θέρμης
1436 1535 1462 1562 A
1472 1534 1570 1574 θερμό-

303 1594 379 1620 τητος
392 1584 420 1610 Μ
439 1582 479 1611 καὶ
497 1592 553 1610 om.
570 1583 644 1610 Serv.
720 1591 735 1618 7
755 1583 866 1621 ἀμυδρὸς
883 1584 939 1610 AM
958 1585 1052 1623 μύδρος
1070 1585 1093 1611 R
1111 1585 1188 1623 ἁδρὸς
1206 1594 1218 1612 r
1236 1585 1291 1614 Zw.
1307 1586 1336 1612 in
1354 1594 1440 1620 marg.
1457 1584 1571 1623 ἃλυκρὸς

305 1634 456 1660 dubitanter
473 1634 603 1669 proposui
625 1635 741 1667 ignescit
761 1635 955 1661 accenditurue
972 1635 1074 1661 Calvus
1091 1637 1243 1670 igneusque
1259 1639 1287 1662 et
1301 1636 1421 1663 candens
1438 1655 1446 1663 .
1458 1656 1465 1663 .
1477 1655 1484 1662 .
1501 1636 1570 1662 exci-

305 1686 379 1710 tauit
397 1684 470 1710 Lasc.
489 1685 615 1710 incensus
632 1693 698 1710 uero
709 1687 792 1718 atque
803 1685 998 1718 inflammatus
1008 1706 1013 1711 .
1024 1706 1030 1711 .
1043 1686 1162 1712 molitur
1171 1685 1218 1713 Fil.
1287 1693 1349 1713 ante
1362 1686 1416 1723 ὅλῳ
1428 1685 1489 1713 add.
1501 1686 1528 1713 ἓν
1539 1686 1570 1713 Μ

305 1735 459 1772 ἐνηργάσατο
472 1734 497 1760 A
509 1735 641 1772 ἐργάζεται
653 1734 681 1760 Μ
694 1734 828 1772 εἰργάσατο
841 1735 864 1761 R
876 1735 1035 1773 ἐνειργάσατο
1047 1736 1134 1762 Aldus
1202 1736 1219 1763 8
1230 1736 1257 1764 δὲ
1268 1736 1296 1763 Μ
1363 1737 1570 1775 χλιαινόμνονᾼ

305 1785 457 1822 πυρούμενον
470 1784 498 1810 Μ
510 1787 674 1811 extenuatus
686 1793 718 1810 ac
730 1785 840 1811 tabidus
843 1786 942 1819 factus
951 1786 991 1819 (=
1003 1787 1163 1823 ποούμενονὲ)
1174 1787 1235 1813 add.
1248 1786 1295 1814 Fil.
1304 1789 1400 1825 πνεῦμα
1411 1787 1440 1822 ἐξ
1451 1786 1527 1815 αὐτοῦ
1539 1786 1571 1814 M

309 1843 340 1861 10
357 1834 432 1872 ἱδρὼς
445 1835 534 1872 γίνεται
546 1835 570 1860 Α
583 1834 605 1861 οἱ
619 1834 722 1872 ἱδρῶτες
735 1835 856 1873 γίγνονται
869 1835 897 1861 Μ
966 1844 1016 1870 pro
1029 1835 1077 1874 γὰρ
1089 1837 1169 1872 praeb.
1181 1837 1208 1865 δὲ
1221 1837 1250 1863 Μ
1318 1838 1345 1869 ἐς
1355 1838 1422 1876 ὕδωρ
1432 1837 1570 1876 ἔρχεταιΜ.

306 1886 419 1923 τρέπεται
437 1885 506 1911 coni.
525 1885 668 1916 Ermerins,
688 1886 785 1923 ἔργεται
802 1885 940 1912 Reinhold
1013 1894 1039 1912 11
1060 1886 1188 1921 διεξελθὸν
1201 1887 1229 1914 Μ
1246 1888 1295 1922 ἔξω
1308 1891 1451 1926 περαιοῦται
1461 1888 1570 1916 codices

307 1935 466 1972 ἑξυόαροῦται
479 1936 582 1961 conieci
653 1942 682 1961 12
701 1935 714 1962 ὁ
728 1935 807 1973 ἀτμὸς
821 1935 848 1962 Μ
920 1943 948 1970 ¹3
963 1937 1122 1974 ἐμπίπτουσιν
1133 1937 1207 1964 Serv.
1275 1940 1394 1976 πομάτων
1406 1939 1431 1965 Α
1442 1940 1572 1977 πωμάτων

307 1986 342 2012 A²
362 1987 485 2023 σωμάτων
504 1985 532 2011 Μ
620 1992 650 2017 14
668 1984 706 2016 οἷς
724 1985 748 2011 A
767 1984 816 2013 οἷσι
834 1986 862 2011 Μ
948 1995 974 2019 15
995 1987 1125 2022 διεξόδοισι
1142 1988 1171 2014 Μ
1247 1991 1291 2016 τοῦ
1309 1989 1415 2027 αἵματος
1433 1990 1524 2027 γίνεται
1540 1988 1571 2016 Μ

311 2036 340 2062 16
358 2036 493 2072 πέπληνται
511 2036 565 2062 AM
584 2047 623 2073 γρ.
642 2035 681 2062 καὶ
700 2036 845 2073 πληρῶνται
863 2036 890 2062 Μ
909 2046 945 2064 m.
965 2046 1002 2071 pr.
1021 2038 1048 2063 in
1067 2046 1151 2073 marg.
1169 2039 1346 2076 πεπλήρωνται
1363 2040 1386 2066 R
1405 2040 1498 2078 φλέβες
1513 2048 1571 2067 om.

309 2086 336 2112 M
355 2085 379 2113 αἱ
398 2086 489 2123 φλέβες
508 2095 563 2112 om.
582 2086 605 2112 R
622 2087 699 2123 ἠέρος
717 2085 741 2112 αἱ
759 2087 852 2123 φλέβες
874 2087 898 2113 Η
924 2087 977 2113 Zw.
996 2087 1023 2114 in
1042 2097 1126 2123 marg.
1149 2089 1218 2116 Foes
1244 2089 1271 2116 in
1289 2096 1345 2116 not.
1363 2090 1516 2128 πρησθεῖσαι
1532 2090 1572 2116 Ar

308 2137 457 2173 προσθεῖσαι
478 2137 519 2162 Μι-
541 2137 650 2169 impleti
674 2145 746 2166 uero,
772 2137 821 2162 ubi
835 2139 950 2163 accessio
967 2146 1074 2172 quoque
1081 2139 1165 2172 sacta
1181 2141 1221 2166 sit
1241 2139 1287 2166 Fil.
1306 2141 1406 2174 repleti
1420 2143 1514 2167 autem
1531 2143 1571 2167 tu-

309 2190 504 2220 mea-centesque
522 2186 595 2212 Lasc.
614 2195 675 2212 cum
695 2187 801 2212 multus
817 2190 859 2213 est
874 2190 901 2213 et
917 2188 1065 2222 calefactus
1083 2189 1184 2216 Calvus
1277 2198 1306 2225 17
1325 2191 1478 2229 ἐμποιὲουσιν
1495 2191 1522 2218 ἐν
1538 2192 1572 2228 τῇ

310 2248 331 2264 κ.
351 2237 378 2263 Μ
448 2237 590 2274 ὧῦεύμενον
607 2237 750 2274 (ῠθεύμενον
768 2237 802 2270 Η)
819 2237 866 2275 γὰρ
885 2237 913 2264 τὸ
932 2237 994 2275 αἷμα
1012 2238 1052 2266 καὶ
1071 2240 1219 2278 βιαζόμενον
1236 2241 1261 2267 H
1279 2241 1312 2268 al.
1331 2251 1366 2268 m.
1380 2241 1433 2270 Zw,
1446 2242 1474 2268 in
1487 2249 1570 2276 marg.

311 2291 397 2324 στενῆς
414 2287 472 2314 ὁδοῦ
490 2287 518 2313 Μ
606 2287 636 2313 18
653 2293 715 2322 post
734 2288 848 2324 ἐμποδών
865 2288 926 2315 add.
946 2289 1010 2316 ἐστιν
1029 2290 1057 2316 Μ
1146 2299 1175 2326 19
1193 2290 1248 2329 περὶ
1266 2292 1291 2318 A
1309 2291 1372 2330 ἀμφὶ
1390 2292 1419 2318 Μ
