1598 2592
43 171 135 214 Ignis
155 173 242 204 enim
265 171 358 203 alitur
379 172 504 212 spiritu,
527 181 592 212 quo
610 171 647 202 si-

43 222 180 264 quidem
216 223 361 264 priuatus
398 222 501 259 suerit,
539 221 648 253 uiuere

45 273 134 305 haud
147 273 258 314 possit.
291 273 406 314 Itaque
418 272 496 304 solis
507 282 648 310 cursum,

43 324 102 364 qui
124 329 174 355 est
195 323 356 364 perennis,
379 323 506 364 praebet
527 333 583 354 aer
597 333 650 363 pe-

46 374 155 405 rennis
176 384 215 405 ac
237 374 351 405 tenuis.
392 373 496 414 Atqui
512 373 650 414 pelagus

43 424 178 465 spiritus
207 434 281 455 esse
311 424 476 464 particeps
507 434 572 454 non
600 428 650 455 est

43 474 230 506 obscurum.
274 474 360 506 Nam
391 484 558 515 nunquam
584 474 649 505 ani-

46 525 144 556 malia
166 524 388 559 na<ta>bilia
410 530 547 565 possent
564 525 650 555 uiue-

44 585 91 613 re,
122 576 182 606 nisi
210 575 359 616 spiritum
385 575 543 606 haberent
565 585 650 606 com—

45 635 188 657 munem.
231 626 279 657 At
301 636 508 657 communem
522 626 579 666 qui
595 625 648 656 ali-

44 681 96 708 ter
117 676 260 708 habeant
282 686 382 716 quam
405 686 463 717 per
482 686 601 717 aquam
617 681 650 707 et

0 734 1 739 ¹
43 737 90 758 ex
105 737 191 767 aqua
205 737 315 758 aerem
329 726 476 758 trahant?
505 727 558 757 Ac
573 726 650 757 luna

44 787 179 818 quoque
201 787 310 808 aerem
332 777 521 808 subsellium
539 777 648 814 habet,

0 858 14 872 ἶ,
44 837 102 859 aer
133 833 184 859 est
215 833 311 858 terrae
343 827 537 865 uehiculum,
571 827 648 858 nihil

0 890 1 912 3
44 888 122 910 aere
144 888 285 909 uacuum
306 883 366 909 est.

0 1651 1 1655 =
45 1634 175 1674 corpori
207 1639 258 1665 est
290 1634 431 1674 spiritus.

95 937 126 967 4.
163 928 206 960 Et
227 928 317 969 quod
339 928 402 959 alia
423 928 556 968 quidem
574 938 649 959 aere

46 980 228 1015 mouentur,
241 978 359 1009 elocuti
371 989 493 1010 sumus.
524 979 649 1009 Rursus

44 1034 157 1060 autem
189 1029 346 1066 dicamus,
380 1039 488 1060 aerem
517 1039 590 1060 esse
617 1030 649 1059 in

45 1089 146 1111 causa
181 1085 251 1110 tum
283 1080 415 1110 uiuendi
449 1079 648 1115 mortalibus,

45 1135 116 1161 tum
123 1130 353 1161 admonitionis
360 1130 649 1171 castigationisque

44 1181 94 1216 iis,
109 1181 164 1221 qui
181 1181 296 1211 morbo
308 1179 419 1211 affecti
431 1186 516 1211 sunt.
549 1180 648 1211 Adeo

44 1236 156 1262 autem
178 1231 363 1271 quibusque
386 1231 577 1271 corporibus
599 1237 649 1262 est

44 1291 131 1322 opus
152 1282 275 1322 spiritu,
299 1287 334 1312 ut
355 1282 382 1312 si
405 1281 475 1312 aliis
497 1282 649 1312 omnibus

44 1331 210 1363 abstineat
233 1331 333 1362 horno
355 1337 389 1362 et
410 1332 491 1362 cibis
514 1337 546 1363 et
570 1333 649 1372 poti-

46 1382 118 1419 bus,
141 1383 246 1422 possit
266 1388 376 1413 tamen
391 1382 475 1413 duos
491 1388 524 1413 et
538 1383 595 1413 tris
610 1393 648 1413 ac

46 1431 156 1473 plures
171 1433 242 1463 dies
255 1433 357 1463 uitam
371 1442 479 1472 agere.
511 1433 609 1474 Quod
622 1433 648 1463 si

45 1483 120 1523 quis
132 1483 338 1522 interceperit
345 1483 475 1523 spiritus
484 1483 650 1524 digressus

45 1533 79 1564 in
93 1543 221 1574 corpus,
238 1533 328 1564 breui
343 1533 407 1564 diei
419 1538 510 1573 parte
523 1539 648 1573 pereat;

46 1593 151 1624 usque
177 1585 260 1614 adeo
283 1583 426 1614 maxime
448 1584 650 1614 necessarius

475 1634 557 1665 Item
589 1634 650 1664 alia

0 1683 3 1716 Ξ
44 1684 180 1725 quidem
207 1685 317 1715 omnia
343 1683 526 1724 relinquunt
549 1684 649 1715 homi-

0 1737 3 1771 ἶ
46 1744 106 1765 nes
138 1735 267 1775 agenda
289 1753 329 1757 -
352 1745 428 1766 nam
456 1735 523 1766 uita
554 1734 651 1775 plena

46 1790 99 1816 est
113 1786 328 1816 mutationum
340 1803 390 1821 ——,
405 1785 464 1816 sed
483 1785 545 1816 hoc
561 1785 650 1816 dum-

0 1935 5 2031 l

48 1840 142 1866 taxat
164 1841 197 1867 et
211 1836 360 1866 homines
373 1841 406 1866 et
422 1835 574 1867 animalia
586 1846 652 1866 om-

49 1885 103 1917 nia
117 1895 248 1926 semper
261 1891 364 1927 agunt
379 1891 448 1917 tum
463 1886 651 1927 inspirando

48 1941 119 1967 tum
141 1937 348 1977 exspirando.

99 2023 116 2050 8
133 2023 250 2055 nalbilt'a
267 2023 354 2050 codex
439 2031 468 2050 12
486 2032 549 2050 aere
567 2023 651 2050 codex

1229 94 1262 113 11

703 169 782 202 solis
812 170 911 201 etiam
941 170 1049 201 cursui
1076 174 1200 200 aeterno
1227 169 1308 200 exsi-

704 221 803 252 stenti
818 231 874 252 aer
888 226 1029 251 aeternus
1041 221 1212 261 tenuisque
1224 220 1308 250 exsi-

705 277 795 303 stens
828 281 901 302 esse
934 275 1077 311 praestet.
1132 270 1308 301 Enimuero

706 322 796 362 quod
823 331 912 353 mare
939 322 1037 352 etiam
1059 321 1190 361 spiritus
1213 320 1308 362 parti-

705 382 784 413 ceps
815 373 866 409 sit,
895 371 1048 403 omnibus
1069 377 1208 408 constat,
1232 382 1308 412 quo·
1329 382 1339 407 5

706 423 793 454 niam
805 433 866 454 nec
878 421 1024 454 natatilia
1035 421 1188 453 animalia
1199 422 1309 453 uiuere

707 478 851 514 possent,
875 473 936 504 nisi
959 473 1072 514 spiritu
1093 473 1309 503 communica—

707 529 787 555 rent.
815 524 858 555 Et
871 533 1014 564 quonam
1030 523 1093 554 alio
1108 523 1209 554 modo
1224 533 1310 554 com-

706 575 871 605 municare
893 579 1028 614 possent
1044 573 1104 604 nisi
1120 584 1178 614 per
1190 584 1309 614 aquam

706 631 739 656 et
774 635 817 655 ex
858 634 943 665 aqua
983 634 1091 655 aerem
1130 623 1309 655 trahentia?
1330 634 1361 653 ιο

706 675 810 706 Lunae
841 685 973 716 quoque
1001 684 1100 715 super
1120 674 1184 705 hoc
1207 674 1309 705 firma-

706 731 861 763 mentum,
884 726 936 756 hic
959 726 1110 756 nimirum
1132 725 1232 756 etiam
1255 724 1309 756 tel-

705 775 781 807 luris
804 775 998 813 uehiculum,
1021 780 1054 807 et
1075 775 1139 806 hoc
1162 774 1239 806 nihil
1260 780 1310 806 est

706 837 856 858 uacuum.

1331 887 1358 913 15

755 936 785 965 4.
824 927 988 968 Quodque
1021 928 1052 958 in
1084 926 1153 958 aliis
1185 936 1241 957 aer
1268 927 1311 957 ui-

706 983 792 1018 geat,
835 978 958 1009 dictum
997 982 1056 1008 est.
1115 976 1310 1008 Mortalibus

706 1033 814 1059 autem
838 1028 890 1059 hic
913 1028 990 1059 uitae
1013 1033 1064 1059 est
1087 1038 1195 1063 causa.
1219 1028 1309 1068 :egri-

706 1079 855 1110 tudinum
877 1078 1123 1120 aegrotantibus,
1139 1078 1310 1118 contingit-

705 1140 779 1170 que,
793 1135 828 1160 ut
840 1139 978 1169 corpora
990 1129 1100 1160 omnia
1112 1138 1216 1169 usque
1225 1129 1310 1159 adeo
1329 1139 1362 1158 20

705 1180 836 1220 spiritus
859 1190 919 1210 usu
935 1180 1113 1220 indigeant,
1130 1185 1166 1210 ut
1181 1178 1311 1219 reliquis

706 1231 857 1261 omnibus
875 1231 902 1261 si
917 1230 1082 1261 abstineat
1095 1230 1204 1266 homo,
1218 1229 1310 1260 cibis-

705 1291 769 1321 que
800 1286 833 1312 et
863 1281 1062 1321 potionibus,
1097 1280 1167 1311 dies
1199 1280 1310 1320 utique

705 1331 789 1362 duos
822 1337 855 1362 et
887 1337 954 1362 tres
985 1330 1159 1371 pluresque
1189 1330 1310 1371 degere

706 1381 822 1413 ualeat.
853 1382 900 1412 At
911 1382 939 1412 si
951 1382 1023 1422 quis
1035 1387 1163 1412 meatus
1178 1381 1310 1412 interce·
1330 1391 1358 1417 25

706 1432 798 1472 perit,
817 1433 950 1463 minima
968 1432 1032 1463 diei
1048 1437 1140 1472 parte
1152 1431 1309 1468 interiret;

705 1482 796 1523 quod
829 1488 953 1513 certum
986 1482 1149 1518 indicium,
1183 1482 1310 1522 corpori

706 1533 912 1573 potissimum
956 1533 1070 1573 spiritu
1107 1542 1191 1572 opus
1227 1542 1311 1563 esse.

706 1583 866 1614 Praeterea
896 1583 928 1613 in
955 1583 1106 1614 omnibus
1129 1582 1199 1614 aliis
1222 1583 1311 1623 quid-

706 1634 784 1674 quid
812 1639 921 1674 agant,
950 1634 986 1665 fit
1008 1633 1195 1665 hominibus
1217 1633 1310 1664 inter·
1330 1643 1362 1670 30

707 1685 817 1715 missio
839 1703 880 1707 —
902 1684 1024 1715 etenim
1053 1684 1120 1715 uita
1142 1684 1310 1714 hominum

707 1735 862 1765 uarietate
875 1734 992 1765 referta
1003 1740 1053 1765 est
1063 1753 1113 1771 —-,
1127 1734 1188 1765 hoc
1201 1739 1311 1765 autem

706 1784 812 1816 solum
835 1785 984 1816 mortalia
1006 1784 1167 1822 animalia,
1184 1790 1219 1815 ut
1231 1790 1310 1821 turn,

707 1836 849 1876 inquam,
873 1836 1037 1876 inspirent,
1061 1842 1131 1866 turn
1154 1846 1233 1866 uero
1256 1845 1311 1866 ex-

708 1886 840 1926 spirent,
864 1886 969 1917 sacere
992 1891 1141 1926 pergunt.
1331 1895 1358 1922 35
