1598 2592
308 555 626 599 Lateinische
656 543 1102 606 Ubersetzungen.

102 660 173 689 von
199 655 449 690 Francesco
477 654 644 690 Filelfo.

255 731 308 765 De
330 731 491 764 flatibus·

127 819 152 842 1.
190 810 273 843 Sunt
302 816 388 842 artes
414 811 576 851 quaedam,
599 820 675 851 quae

72 861 318 902 possidentibus
329 861 463 902 quidem
475 860 621 892 laborem
633 860 676 892 af-

72 911 188 949 ferunt,
221 912 386 943 utentibus
417 917 527 943 autem
555 912 675 942 condu-

71 968 159 999 cunt,
186 972 425 1003 communeque
450 962 574 993 bonum
600 968 676 993 sunt

72 1013 214 1053 ipsarum
234 1013 400 1054 imperitis,
415 1013 475 1043 sed
490 1013 599 1044 tristes
614 1013 674 1050 his,

70 1073 91 1094 a
112 1063 231 1104 quibus
253 1068 441 1095 tractantur.
493 1063 546 1094 Ex
568 1063 674 1093 huius-

71 1114 160 1145 modi
183 1123 262 1144 uero
284 1114 408 1145 artibus
430 1123 470 1144 ea
492 1119 543 1144 est
565 1114 673 1150 etiam,

69 1174 169 1205 quam
197 1164 304 1195 Graeci
326 1164 520 1195 medicinam
545 1169 673 1195 uocant.

70 1214 220 1246 Medicus
235 1215 319 1246 enim
333 1225 384 1245 res
395 1225 515 1256 graues
526 1220 674 1246 assemat

70 1265 241 1306 tangitque
263 1265 429 1302 taediosas,
452 1271 486 1296 et
508 1265 540 1295 in
560 1265 674 1296 alienis

69 1315 250 1346 infortuniis
274 1315 387 1346 fruitur
412 1315 581 1346 doloribus
603 1326 674 1355 pro-

69 1366 156 1406 priis.
196 1365 261 1406 Qui
289 1376 366 1396 uero
395 1367 426 1396 in
449 1366 565 1397 morbo
587 1370 672 1402 sunt,

69 1415 162 1447 malis
184 1417 335 1447 maximis
357 1416 401 1447 ob
419 1421 522 1447 artem
537 1415 672 1447 liberan-

69 1471 129 1502 tur,
153 1466 274 1497 morbis
297 1466 463 1507 doloribus
479 1467 673 1507 aegritudine

69 1522 183 1548 morte.
216 1517 278 1548 His
300 1517 387 1548 enim
406 1517 557 1547 omnibus
572 1527 673 1557 oppo-

68 1567 154 1598 nitur
175 1567 345 1598 medicina.
382 1567 488 1598 Huius
504 1573 613 1598 autem
628 1578 673 1598 ar-

68 1617 110 1648 tis
131 1627 206 1658 quae
229 1617 379 1658 improba
401 1623 485 1655 sunt,
507 1617 672 1648 difficilem

68 1668 291 1707 cognitionem
302 1673 469 1708 praestant,
480 1668 584 1708 proba
594 1678 672 1699 uero

69 1717 206 1755 facilem,
230 1724 263 1749 et
286 1719 436 1759 improba
458 1718 590 1759 quidem
609 1729 673 1749 me-

68 1768 159 1806 dicis,
189 1779 256 1799 non
278 1774 388 1800 autem
411 1769 582 1809 imperitis;
607 1779 672 1800 non

67 1819 154 1850 enim
184 1820 341 1860 corporis,
369 1820 428 1850 sed
456 1819 575 1850 mentis
597 1825 673 1850 sunt

67 1879 178 1909 opera.
233 1870 319 1900 Nam
354 1879 470 1901 omnes
502 1869 673 1900 manuales

68 1921 276 1960 operationes
302 1920 539 1951 consuetudine
563 1930 674 1960 paren-

67 1974 120 2000 tur
141 1976 286 2010 oportet;
316 1981 389 2001 mos
411 1971 500 2001 enim
523 1971 673 2001 manibus

71 2019 286 2060 pulcherrima
307 2020 419 2052 schola
441 2026 500 2052 est.
546 2021 597 2052 De
620 2021 673 2052 ob-

69 2071 263 2102 scurissimis
298 2081 377 2102 uero
410 2070 673 2111 difficillimisque

69 2121 190 2152 morbis
213 2121 366 2162 opinione
390 2122 495 2162 magis
513 2122 674 2152 iudicatur

119 2207 130 2233 5
149 2203 218 2226 sunt
234 2208 266 2226 ex
287 2208 363 2232 corr„
381 2206 459 2226 antea
477 2203 518 2226 est
587 2207 618 2227 10
634 2209 674 2226 as-

63 2244 163 2267 semat
178 2242 205 2268 in
222 2250 271 2269 ras.
284 2242 318 2269 al.
332 2251 367 2269 m.
440 2250 466 2268 11
488 2250 540 2276 que
557 2242 674 2268 tedt'osas

66 2291 84 2309 n
102 2291 154 2310 ras.
171 2283 205 2310 al.
226 2292 262 2311 m.

794 660 864 688 Von
887 654 1031 690 sanus
1056 655 1275 691 Lascaris.

917 731 969 765 Do
991 731 1150 764 flatibus.

786 819 811 842 1.
854 811 1016 852 Quaedam
1044 816 1130 842 artes
1152 816 1237 848 sunt,
1261 821 1335 851 quae

731 861 877 892 laborem
895 861 1083 898 artificibus,
1099 861 1271 892 utilitatem
1286 861 1334 898 iis,

731 912 786 952 qui
809 918 950 949 utantur,
974 912 1171 952 impertiunt,
1194 922 1335 952 quaeque

731 973 843 993 earum
874 962 1031 1002 imperitis
1062 963 1184 1003 passim
1213 962 1334 994 auxilio

731 1018 815 1050 sunt,
840 1013 951 1053 peritis
969 1013 1047 1044 dum
1063 1018 1264 1050 exercentur,
1281 1013 1335 1044 do-

731 1062 816 1094 lores
860 1064 1109 1104 anxietatesque
1146 1063 1333 1094 retribuunt.

731 1114 767 1145 Id
801 1114 930 1155 generis
957 1124 997 1145 ea
1024 1119 1083 1151 est,
1107 1124 1204 1154 quam
1228 1113 1335 1145 Graeci

730 1165 873 1201 iatricen,
897 1164 930 1195 id
953 1170 1004 1195 est
1020 1165 1214 1195 medicinam
1226 1164 1335 1205 appel-

730 1214 806 1246 lant.
852 1215 982 1246 Etenim
1009 1215 1154 1245 medicus
1177 1215 1249 1246 uisu
1271 1220 1335 1246 tac—

730 1271 831 1306 tuque
854 1265 1004 1296 molestia
1027 1265 1165 1296 afficitur
1181 1271 1214 1296 et
1228 1276 1270 1296 ex
1283 1265 1335 1296 ali-

730 1316 799 1346 enis
822 1315 1060 1347 calamitatibus
1083 1316 1232 1356 proprios
1250 1315 1335 1347 colli-

730 1367 777 1407 git
793 1365 932 1397 dolores.
967 1366 1098 1406 AEgroti
1114 1371 1224 1397 autem
1236 1367 1335 1397 maxi-

730 1417 791 1447 mis
814 1416 906 1447 malis
929 1417 1007 1447 artis
1026 1416 1186 1447 beneflcio
1201 1416 1335 1447 liberan-

730 1471 790 1504 tur,
822 1467 944 1498 morbis
973 1466 1141 1498 doloribus
1168 1467 1333 1498 anxietate

730 1522 842 1548 morte.
894 1517 979 1548 Nam
1002 1518 1040 1548 iis
1062 1517 1214 1548 omnibus
1237 1518 1335 1548 medi-

729 1568 836 1598 cinam
866 1567 977 1608 procul
1001 1568 1102 1598 dubio
1125 1568 1269 1599 remedia
1290 1567 1334 1599 af-

730 1617 812 1649 ferre
827 1623 1032 1658 compertum
1049 1624 1107 1649 est.
1136 1618 1243 1649 Huius
1254 1628 1334 1649 sane

730 1669 806 1699 artis
828 1668 914 1699 mala
933 1668 1085 1706 difficilia,
1102 1669 1190 1699 bona
1204 1674 1280 1699 sunt
1293 1668 1334 1699 fa-

728 1718 802 1750 cilia
832 1720 976 1759 cognitu,
1004 1724 1037 1750 et
1059 1718 1154 1754 mala,
1179 1719 1269 1759 quod
1292 1720 1332 1749 ad

729 1779 769 1800 ea
784 1780 850 1800 non
864 1770 1018 1810 corporiS,
1032 1770 1090 1800 sed
1104 1770 1222 1800 mentis
1234 1780 1334 1810 opera

729 1820 901 1860 indigetur,
933 1830 952 1851 a
980 1820 1114 1851 medicis
1142 1825 1175 1851 et
1204 1830 1269 1851 non
1292 1820 1334 1851 ab

729 1870 887 1910 imperitis
915 1871 1145 1910 percipiuntur.
1190 1870 1256 1901 Ast
1278 1870 1333 1901 ubi

729 1920 891 1961 chirurgia
921 1931 1004 1961 opus
1036 1926 1096 1957 est,
1128 1921 1334 1952 consuetudo

730 1971 842 2011 utique
865 1971 1016 2008 ineunda,
1037 1972 1159 2012 quippe
1179 1981 1254 2011 quae
1271 1981 1334 2002 ma-

730 2021 826 2052 nibus
849 2022 974 2061 optima
992 2022 1169 2062 praeceptio
1186 2022 1236 2052 sit.
1276 2021 1333 2052 Ce-

730 2077 835 2102 terum
866 2072 907 2103 de
936 2071 1163 2102 occultissimis
1191 2082 1229 2102 ac
1252 2071 1333 2102 diffi-

730 2121 855 2153 cillimis
887 2122 1010 2153 morbis
1043 2122 1196 2162 opinione
1229 2123 1334 2162 magis

730 2183 829 2213 quam
862 2178 931 2203 arte
965 2173 1133 2209 iudicatur,
1169 2173 1200 2203 in
1229 2173 1333 2212 iisque

730 2223 933 2263 experientia
949 2222 1123 2263 plurimum
1139 2223 1332 2263 imperitiam

782 2285 812 2311 16
830 2284 994 2311 medicinam
1007 2285 1046 2311 bis
1059 2285 1186 2319 scriptum
1199 2285 1226 2310 in
1239 2284 1333 2311 codice

1355 974 1366 1000 5

1356 1226 1387 1245 10

1356 1478 1382 1504 15

1353 1730 1386 1749 20

1353 1981 1382 2007 25

1353 2232 1386 2259 30
