1598 2592
38 161 172 197 uenerit,
181 160 233 191 hic
242 160 391 191 consistit
399 158 540 190 morbus.
556 157 639 189 Cum

37 212 135 253 igitur
156 210 272 242 humor
286 210 319 241 in
330 211 437 241 uisum
449 209 583 246 uenerit,
596 209 639 239 ui-

37 272 95 294 sus
116 260 220 299 dolet;
243 261 332 302 quod
348 261 374 291 si
390 261 422 291 in
434 259 574 296 auditus,
587 259 639 290 hic

37 312 75 344 fit
101 312 247 349 morbus;
275 311 325 342 sin
348 316 458 342 autem
479 310 512 341 in
534 319 638 346 nares,

38 368 176 394 uocatur
197 362 357 403 grauedo;
380 361 407 392 si
429 370 508 392 uero
524 360 595 391 ierit
606 360 639 390 in

38 418 183 454 pectora,
213 412 353 444 raucitas
379 411 504 442 dicitur.
553 410 639 441 Nam

38 464 156 505 pituita
167 463 295 494 acribus
304 461 552 493 humiditatibus
562 461 640 491 mix-

38 519 82 551 ta,
113 513 310 553 ubicumque
340 512 487 543 inciderit
515 512 546 542 in
569 510 641 542 loca

38 565 200 601 inusitata,
224 563 356 600 ulcerat,
379 564 411 594 in
430 562 540 593 fauces
552 571 639 598 uero,

37 615 194 656 quoniam
219 619 343 645 tenerae
366 614 439 650 sint,
463 622 537 643 cum
559 611 642 643 fluor

37 666 137 702 irruit,
160 665 371 705 asperitatem
393 663 502 694 efficit.
543 661 640 703 Spiri-

38 721 92 747 tus
124 716 211 746 enim
243 715 428 755 exspiratus
450 723 508 754 per
531 712 642 743 fauces

40 766 147 807 pergit
176 766 207 796 in
230 770 364 806 pectora
387 773 561 804 rursusque
584 773 643 803 per

40 816 151 848 fauces
177 816 349 856 egreditur.
394 814 461 846 Sed
484 824 558 845 cum
580 814 643 854 spi-

40 867 114 898 ritui
136 866 289 897 deorsum
311 866 400 896 eunti
422 875 458 896 se
476 864 558 895 fluor
573 865 643 904 ipse

39 917 254 954 coniunxerit,
295 917 393 947 tussis
429 925 468 946 ac
505 914 643 945 difficilis

42 967 211 1008 respiratio
243 966 432 1007 superuenit
462 966 643 1006 pituitaque

41 1028 170 1049 sursum
202 1018 325 1048 iacitur.
374 1016 502 1058 Quibus
533 1016 577 1046 ita
607 1025 643 1046 se

42 1068 238 1100 habentibus
265 1067 342 1098 faux
364 1066 524 1098 ulceratur
545 1071 579 1096 et
601 1066 644 1096 in-

41 1119 220 1159 asperascit
259 1123 292 1149 et
327 1123 444 1148 aestuat
480 1116 643 1156 trahitque

41 1169 213 1200 humorem
235 1179 277 1200 ex
299 1169 416 1208 capite,
431 1168 554 1208 quippe
569 1177 644 1207 quae

41 1220 84 1250 sit
114 1219 228 1251 calida.
278 1218 386 1259 Caput
415 1218 502 1249 enim
529 1217 561 1248 id
588 1217 643 1248 hu-

42 1270 129 1308 midi,
161 1270 250 1310 quod
281 1279 323 1300 ex
350 1268 414 1300 alio
436 1278 573 1308 corpore
595 1278 644 1298 ac-

41 1321 130 1360 cipit,
160 1320 244 1351 sauci
272 1320 338 1350 dat.
383 1318 526 1359 Quando
548 1319 646 1358 igitur

42 1371 249 1401 consueuerit
282 1369 364 1400 fluor
394 1369 455 1400 hac
486 1368 584 1399 fluere
612 1373 646 1399 et

42 1421 242 1461 spiramenta
265 1420 363 1451 ueluti
387 1419 538 1450 torrentis
557 1418 645 1449 fossa

41 1471 251 1507 decurrerint,
279 1470 474 1501 distribuunt
502 1469 591 1500 illum
613 1469 645 1499 in

43 1527 188 1562 pectora.
237 1520 304 1552 Sed
335 1521 460 1560 pituita,
490 1520 645 1560 quoniam

43 1572 126 1603 acris
147 1572 189 1602 sit
212 1571 411 1612 pulpamque
434 1575 584 1610 occupet,
603 1569 646 1600 ul-

42 1628 132 1653 cerat
167 1632 206 1653 ac
244 1621 362 1662 frangit
395 1631 506 1652 uenas.
563 1619 646 1651 Cum

43 1673 176 1713 sanguis
207 1677 318 1703 autem
349 1671 443 1702 fuerit
470 1670 591 1701 effusus
614 1671 646 1701 in

43 1722 184 1754 alienum
205 1722 323 1759 locum,
347 1721 532 1753 cunctando
548 1727 646 1761 atque

44 1774 261 1814 putrescendo
281 1783 342 1813 pus
356 1773 401 1804 fit.
438 1772 523 1803 Nam
540 1781 646 1812 neque

42 1833 170 1854 sursum
194 1824 370 1854 ascendere
393 1828 503 1863 potest
519 1832 580 1853 nec
594 1822 646 1852 de-

43 1884 154 1905 orsum
166 1874 376 1905 descendere.
407 1872 548 1904 Difficile
560 1873 646 1903 enim

43 1930 95 1955 est
117 1934 225 1955 meare
248 1934 385 1961 sursum,
402 1929 435 1954 et
450 1933 501 1954 res
513 1923 647 1954 humida

44 1980 77 2005 et
99 1974 258 2015 quidquid
277 1984 451 2005 onerosum
467 1974 508 2004 sit
523 1983 581 2014 per
595 1983 646 2004 ac-

45 2024 164 2056 cliuum
176 2025 337 2065 proficisci
354 2034 420 2055 non
432 2023 526 2054 facile
538 2030 646 2064 queat,

46 2075 195 2106 inferiora
223 2081 333 2106 autem
362 2080 473 2115 petere
497 2074 648 2114 prohibet

96 2177 113 2204 9
129 2170 252 2196 hulceret
272 2170 359 2197 codex
435 2169 465 2196 18
481 2178 595 2195 sursum
616 2177 648 2196 ex

47 2220 114 2238 corr.
133 2220 169 2239 m.
187 2211 221 2238 ai.
296 2219 327 2246 32
343 2212 466 2238 alienum
478 2221 483 2237 :
494 2220 570 2238 -num
588 2211 648 2237 add.

47 2262 62 2280 a
81 2262 116 2280 m.
135 2253 168 2280 al.

1217 79 1254 107 ²3

695 158 845 189 stituitur.
874 157 1053 196 Postquam
1076 155 1173 196 igitur
1188 154 1230 185 ad
1245 164 1297 184 su-

695 207 871 248 perficiem,
899 206 993 238 dolor
1015 216 1058 237 ex
1080 214 1119 236 ea
1141 205 1296 241 euaserit;

695 259 722 289 si
745 268 839 289 aures
861 262 962 298 petat,
981 256 1104 287 ibidem
1121 255 1296 296 aegritudo;

696 314 730 340 at
751 309 778 340 si
801 318 896 340 nares
918 307 1100 343 accesserit,
1116 306 1233 346 pituita
1246 305 1296 342 fit;

695 359 755 391 sed
781 359 808 390 si
835 359 878 390 ad
904 364 1020 399 pectus
1042 357 1205 391 deueniat,
1230 366 1298 386 rau·
1319 365 1329 391 5

696 410 778 441 cedo
791 409 982 450 appellatur.
1012 407 1154 449 Quando
1167 406 1299 447 quidem

697 459 851 501 phlegma
882 460 985 490 acutis
1014 458 1204 489 humoribus
1231 466 1299 497 per-

697 511 834 541 mixtum
856 509 1130 550 quandocumque
1153 507 1301 538 inciderit

698 562 729 592 in
748 561 821 592 loca
836 561 973 597 insueta,
990 560 1033 590 ob
1049 559 1188 600 gutturis
1199 557 1300 588 molli-

697 612 775 643 tiem
798 610 975 647 exulcerat,
1001 619 1076 641 nam
1099 609 1233 640 rheuma
1254 609 1300 639 in-
1321 617 1352 636 10

698 662 811 693 cidens
826 661 1033 702 aspredinem
1048 660 1230 691 committit.
1258 658 1302 689 Et

698 713 830 753 spiritus
852 722 911 752 per
933 716 1044 752 guttur
1065 711 1206 751 spiratus
1229 719 1301 750 pec-

698 768 751 794 tus
777 762 956 803 ingreditur
983 771 1157 801 rursusque
1186 759 1302 791 eadem

699 814 753 844 uia
787 813 960 854 egreditur.
1013 811 1156 853 Quando
1191 815 1302 841 autem

700 864 835 895 rheuma
863 863 1002 894 occurrit
1024 862 1149 902 spiritui
1173 861 1214 892 ab
1236 861 1302 891 imo
1323 870 1350 895 15

699 914 899 951 ascendenti,
950 913 1162 944 committitur
1205 911 1303 942 tussis

699 964 919 1006 phlegmaque
936 963 1000 995 alte
1012 963 1185 994 excutitur.
1219 962 1303 1003 Quae

700 1026 774 1047 cum
804 1016 850 1046 ita
880 1014 969 1051 fiant,
1000 1019 1112 1055 guttur
1143 1011 1304 1044 ulceratur

699 1071 931 1106 asperaturque
961 1069 994 1096 et
1021 1063 1218 1095 concalescit
1245 1068 1304 1093 tra-

700 1117 813 1157 hitque
835 1115 1062 1146 humiditatem
1077 1125 1119 1145 ex
1133 1114 1239 1154 capite
1251 1123 1302 1144 ca·
1322 1122 1355 1141 20

701 1166 801 1197 lidum
812 1167 983 1197 exsistens.
1016 1165 1124 1206 Caput
1139 1169 1248 1195 autem
1261 1163 1303 1194 ab

701 1217 764 1248 alio
780 1227 917 1257 corpore
935 1227 1008 1247 eam
1024 1216 1167 1256 capiens,
1182 1215 1304 1255 gutturi

701 1268 845 1298 exhibet.
889 1267 1031 1308 Quando
1054 1267 1151 1307 igitur
1167 1265 1305 1296 assuerit

701 1318 818 1349 humor
839 1318 885 1348 sic
908 1317 1008 1348 fluere
1027 1322 1060 1348 et
1075 1316 1226 1347 laxentur
1239 1325 1303 1346 me-

701 1374 783 1404 atus,
806 1369 871 1399 iam
893 1369 991 1398 etiam
1014 1368 1046 1398 in
1069 1372 1184 1407 pectus
1203 1372 1303 1396 trans·
1323 1374 1352 1400 25

701 1420 846 1450 mittitur.
895 1418 1020 1449 Verum
1047 1427 1122 1448 cum
1150 1416 1305 1457 phlegma

701 1475 832 1500 acutum
861 1469 912 1506 sit,
941 1469 973 1499 in
999 1477 1132 1499 carnem
1159 1467 1305 1498 incidens

703 1519 824 1550 ulcerat
834 1525 867 1550 et
876 1519 1018 1560 effringit
1027 1528 1138 1549 uenaS.
1160 1516 1304 1557 Quando

702 1580 780 1601 uero
802 1570 925 1600 effusus
949 1569 1043 1600 suerit
1058 1568 1191 1609 sanguis
1207 1569 1238 1598 in
1252 1567 1305 1598 ali-

702 1631 800 1651 enum
822 1620 939 1657 locum,
963 1625 1182 1651 commoratus
1200 1624 1305 1659 putre·
1325 1626 1357 1653 30

703 1671 873 1711 factusque
902 1671 1037 1701 uertitur
1059 1671 1091 1700 in
1114 1679 1176 1710 pus
1198 1679 1305 1709 neque

702 1722 878 1752 ascendere
894 1721 936 1752 ad
951 1731 1115 1752 summum
1131 1725 1239 1760 potest
1254 1729 1305 1750 ne-

702 1782 767 1812 que
796 1772 838 1803 ad
866 1772 967 1802 imum
994 1771 1203 1802 descendere.
1249 1769 1304 1800 Ad

703 1832 867 1853 summum
889 1823 986 1858 enim,
1010 1821 1142 1853 accliuis
1164 1831 1238 1851 cum
1254 1821 1304 1856 sit.

703 1873 792 1904 haud
808 1872 909 1904 facilis
924 1874 977 1903 uia
995 1878 1046 1903 est
1061 1872 1203 1903 humidae
1216 1871 1260 1901 rei
1273 1876 1306 1901 et
1326 1879 1353 1905 35

703 1924 806 1954 cuiuis
830 1923 922 1954 alteri
945 1923 1074 1963 pondus
1096 1922 1239 1958 habenti,
1263 1921 1305 1952 ad

704 1975 804 2004 imum
826 1979 863 2004 ut
885 1974 1155 2013 impedimentum
1170 1977 1220 2003 est
1235 1982 1305 2012 sep-

704 2030 773 2055 tum
795 2029 1024 2055 transuersum.
1066 2024 1306 2063 Proptereaque

704 2074 848 2111 rheuma,
871 2074 961 2114 quod
975 2075 1045 2105 sine
1060 2074 1183 2114 spiritu,
1200 2072 1306 2104 effrin-

704 2126 799 2165 gitur‚
823 2125 990 2165 quoddam
1012 2130 1130 2164 sponte
1153 2128 1186 2154 et
1206 2123 1306 2163 quod-
1324 2131 1358 2156 4ο

756 2218 788 2244 24
805 2212 943 2238 laxantur
962 2211 1040 2246 impr.
1116 2217 1151 2242 40
1168 2210 1306 2244 quondam

703 2253 763 2287 (bis)
780 2253 875 2285 codex,
894 2253 1032 2288 quoddam
1049 2253 1108 2286 (bis)
1125 2253 1201 2287 impr.
