1598 2592
60 157 132 184 tum
153 161 282 192 corpus.
327 151 512 182 Incidentes
534 161 612 182 uero
632 151 663 182 in

59 213 119 234 eas
140 201 286 243 corporis
301 207 419 242 partes,
435 211 511 242 quae
523 202 665 232 maxime

58 253 220 294 sanguine
235 252 414 289 abundant,
431 257 466 283 ut
479 251 664 293 frigescant,

59 302 214 334 efficiunt.
264 301 394 343 Quibus
425 302 555 343 quidem
584 301 665 333 locis

61 353 263 395 frigentibus,
290 352 345 383 ubi
368 352 474 384 fontes
496 353 665 394 sanguinis

59 404 252 444 radicesque
282 408 367 440 sunt,
397 414 456 444 per
477 404 664 434 uniuersum

58 464 179 495 corpus
209 453 409 485 diffunditur.
451 453 500 484 At
531 454 586 484 ubi
616 459 665 484 to-

59 510 130 536 turn
152 514 271 545 corpus
294 503 426 540 frixerit,
443 509 549 535 totum
564 504 664 535 etiam

57 565 179 596 corpus
199 555 319 586 horret.

110 606 140 637 8.
171 604 226 637 Ob
238 605 322 636 hanc
334 604 431 645 igitur
442 614 575 636 causam
587 609 663 635 ante

59 655 167 687 febres
180 655 331 686 horrores
342 655 433 685 fiunt.
465 655 541 696 Quo
553 659 663 686 autem

58 711 158 747 pacto
179 705 276 737 flatus
291 706 438 746 aggressi
455 705 573 736 fuerint
584 705 662 736 mul-

0 777 2 783 ·
57 757 197 788 titudine
229 766 268 788 ac
301 756 428 797 frigore,
460 755 534 787 talis
563 756 663 787 etiam

58 806 172 838 horror
193 806 238 843 fit.
261 817 281 838 a
303 806 450 846 pluribus
472 806 606 846 quidem
630 810 664 837 et

58 857 278 898 frigidioribus
300 856 432 887 flatibus
453 857 567 888 horror
585 857 663 887 item

59 907 294 945 uehementior,
334 907 498 938 remissior
532 917 611 938 uero
645 917 663 937 a

59 958 269 999 paucioribus
309 967 348 989 ac
385 958 492 988 minus
528 957 661 998 frigidis.

59 1008 128 1040 Sed
150 1008 182 1039 in
201 1008 388 1039 horroribus
403 1008 549 1048 corporis
564 1008 663 1039 etiam

57 1064 216 1090 tremores
238 1059 283 1089 ita
296 1058 387 1089 fiunt.
423 1058 565 1099 Sanguis
577 1059 663 1089 enim

57 1114 255 1150 praesentem
302 1109 469 1140 horrorem
512 1114 662 1140 metuens

57 1164 93 1190 et
122 1160 220 1190 currit
250 1169 316 1190 una
343 1164 376 1190 et
402 1159 583 1200 digreditur
604 1169 663 1199 per

59 1215 167 1241 totum
209 1220 328 1250 corpus
368 1210 411 1241 ad
450 1209 663 1241 calidissimas

60 1265 179 1300 partes.
212 1260 326 1301 Itaque
341 1260 375 1291 hi
389 1260 486 1291 flatus
501 1260 562 1291 alii.
597 1260 662 1291 De-

58 1310 186 1342 siliente
213 1315 323 1341 autem
349 1311 508 1351 sanguine
530 1321 572 1341 ex
595 1320 662 1341 cor-

60 1361 149 1401 poris
171 1361 411 1392 summitatibus
433 1362 584 1392 intestina
602 1366 661 1392 tre-

59 1416 154 1442 munt
175 1416 210 1442 et
231 1411 351 1452 pulpae.
394 1411 481 1442 Nam
504 1411 575 1442 aliae
596 1421 662 1442 cor-

59 1461 148 1502 poris
170 1467 280 1502 partes
301 1462 460 1502 sanguine
483 1461 660 1498 abundant,

58 1511 132 1542 aliae
165 1522 242 1542 uero
275 1517 394 1543 carent.
448 1511 533 1552 Quae
565 1512 663 1552 igitur

58 1567 171 1593 carent
199 1562 368 1602 sanguine,
391 1572 457 1593 non
480 1562 660 1602 quiescunt,

59 1612 119 1643 sed
140 1613 333 1643 titubant—
344 1612 433 1643 calor
450 1613 536 1643 enim
552 1612 662 1644 deficit

57 1662 298 1700 ealoca—,sed
308 1673 383 1703 quae
393 1663 552 1703 sanguine
562 1662 661 1693 abun-

58 1712 148 1749 dant,
175 1718 307 1754 propter
329 1713 496 1754 sanguinis
518 1713 660 1744 multitu-

57 1763 168 1794 dinem
195 1768 336 1794 tremunt
359 1774 396 1794 ac
419 1764 543 1804 rigores
571 1764 661 1794 indu-

57 1819 145 1844 cunt.
196 1813 282 1845 Nam
304 1814 360 1854 qui
383 1814 517 1855 sanguis
540 1813 660 1845 multus

57 1868 118 1899 est,
131 1864 158 1895 is
167 1865 335 1905 quiescere
347 1875 411 1895 non
426 1869 543 1905 potest.
571 1864 660 1895 Ante

58 1913 165 1945 febres
200 1919 310 1945 autem
342 1915 493 1952 oscitant,
526 1915 659 1955 quando

58 1970 193 1995 coactus
229 1975 285 1996 aer
317 1965 437 1996 multus
471 1965 573 1996 suerit.
628 1965 660 1996 Is

57 2015 144 2045 enim
167 2016 344 2046 aceruatim
365 2026 493 2046 sursum
515 2021 660 2056 repente—

58 2075 123 2105 que
153 2065 324 2106 egrediens
351 2076 389 2097 os
416 2071 538 2097 reserat
560 2072 659 2106 atque

58 2114 223 2155 patefacit.
277 2115 332 2147 Sic
368 2117 455 2147 enim
490 2116 592 2147 facilis
624 2116 660 2147 fit

109 2200 139 2227 25
162 2195 294 2220 intestina
315 2195 427 2226 conieci,
452 2198 479 2221 et
494 2197 561 2221 oesta
580 2194 658 2229 praeb.

57 2235 144 2262 codex
211 2235 244 2262 26
258 2236 355 2269 pulpa
375 2236 425 2263 alia
444 2244 511 2263 voce
530 2245 613 2268 erasa,
631 2242 660 2262 ut

58 2277 185 2303 omnibus
203 2277 279 2310 locis,
297 2277 330 2304 al.
349 2287 384 2304 m.

145 2327 174 2348 A.
186 2327 283 2349 Heleon.

1247 77 1280 104 17

722 161 788 183 non
810 152 938 192 possint
959 151 1003 183 ob
1026 151 1240 192 frequentiam
1256 162 1325 192 per-

721 212 839 233 meare.
889 202 1001 242 Atque
1027 202 1060 233 in
1082 202 1168 233 hunc
1191 203 1324 233 modum

722 253 875 283 obturato
887 252 1027 283 inferiori
1039 258 1132 284 utero
1143 257 1249 283 totum
1259 263 1326 284 cor-

722 313 784 344 pus
819 302 916 334 flatus
948 308 1173 343 percurrerunt
1205 303 1325 334 incum-

720 354 903 394 bentesque
933 363 990 384 eas
1021 354 1177 394 imprimis
1205 359 1323 394 partes,
1345 367 1356 393 5

720 414 794 445 quae
816 404 974 444 sanguine
997 404 1176 441 abundant,
1195 404 1324 445 refrige-

720 459 802 485 rant.
833 454 876 485 Iis
899 459 1008 485 autem
1023 454 1103 486 locis
1119 454 1323 495 refrigeratis,

721 505 774 536 ubi
803 504 910 536 fontes
937 505 1128 545 radicesque
1157 506 1325 546 sanguinis

720 560 805 592 sunt,
828 560 934 586 totum
956 565 1075 596 corpus
1097 555 1214 587 horret.

770 606 798 636 8.
833 605 887 637 Ob
900 605 963 637 hoc
977 606 1074 646 igitur
1084 606 1233 637 horrores
1245 617 1323 646 prae-
1346 619 1375 637 10

719 655 841 687 cedunt
856 655 971 687 febres
1005 655 1159 687 Ceterum
1171 663 1268 696 prout
1280 657 1324 687 su-

719 711 813 737 erunt
835 707 991 737 commoti
1013 706 1109 738 flatus
1125 707 1324 738 abundantia

719 761 753 787 et
776 756 903 797 frigore,
927 757 1054 788 exsistit
1076 757 1196 793 horror,
1221 767 1240 788 a
1258 757 1324 798 plu-

720 807 808 838 ribus
822 817 902 838 sane
919 807 1202 848 srigidioribusque
1218 808 1324 839 ualen-

719 858 790 894 tior,
823 868 841 888 a
870 858 1076 898 paucioribus
1103 868 1181 888 uero
1204 859 1324 890 minus·
1345 871 1371 897 15

719 918 784 948 que
808 907 932 949 frigidis
955 907 1152 939 imbecillior.
1193 909 1229 939 In
1253 909 1323 940 hor-

720 958 846 989 roribus
873 963 983 989 autem
1010 964 1168 990 tremores
1190 969 1323 1000 quoque

719 1010 863 1049 corporis
893 1009 979 1040 hunc
1009 1010 1041 1040 in
1070 1009 1204 1040 modum
1231 1010 1321 1041 fiunt.

719 1058 861 1100 Sanguis
876 1064 1026 1090 metuens
1042 1066 1239 1100 praesentem
1251 1061 1322 1091 hor-

719 1119 822 1140 rorem
840 1110 1002 1141 concurrit
1016 1115 1189 1151 totumque
1204 1121 1323 1151 corpus
1342 1123 1374 1141 20

718 1160 760 1190 ad
783 1160 980 1191 calidissima
1003 1170 1143 1201 quaeque
1167 1167 1323 1201 permeat.

718 1210 898 1241 Desiliente
913 1216 1023 1242 autem
1039 1212 1197 1252 sanguine
1213 1212 1255 1244 ab
1268 1223 1322 1243 ex-

719 1261 937 1292 tremitatibus
959 1262 1105 1302 corporis
1127 1262 1180 1293 ilia
1198 1268 1322 1293 contre-

719 1311 859 1342 miscunt
881 1316 914 1342 et
937 1321 1021 1343 caro.
1058 1313 1221 1354 Quaedam
1236 1314 1322 1344 enim

718 1362 863 1402 corporis
897 1367 1007 1402 partes
1045 1363 1214 1394 abundant
1250 1374 1321 1394 san·
1341 1375 1369 1400 25

718 1412 826 1452 guine‚
854 1413 1008 1452 quaedam
1031 1412 1193 1444 deficiunt.
1238 1414 1321 1455 Quae

718 1461 952 1502 igitur'absque
964 1463 1124 1503 sanguine
1134 1469 1218 1501 sunt,
1229 1474 1322 1504 prop-

718 1517 767 1543 ter
782 1512 881 1552 frigus
893 1513 1061 1553 quiescere
1074 1520 1249 1554 nequeunt,
1262 1515 1320 1546 sed

717 1563 907 1603 quatiuntur
918 1582 958 1586 —-
971 1563 1111 1595 calidum
1130 1565 1217 1595 enim
1232 1565 1321 1605 ipsas

718 1612 845 1653 reliquit
863 1632 910 1650 —,
929 1624 1004 1654 quae
1020 1625 1098 1645 uero
1114 1614 1251 1646 multum
1265 1615 1320 1646 ha·
1340 1626 1372 1652 30

717 1663 796 1694 bent
811 1664 988 1704 sanguinis.
1005 1670 1138 1705 propter
1153 1667 1320 1706 sanguinis

717 1713 950 1745 abundantiam
977 1719 1120 1746 tremunt
1146 1715 1320 1747 inflamma-

717 1764 1054 1805 tionesqueefficiunt.
1078 1766 1154 1797 Non
1166 1767 1252 1797 enim
1264 1777 1320 1807 po-

717 1819 781 1845 test
793 1815 1062 1855 superabundans
1082 1817 1216 1857 sanguis
1231 1818 1318 1858 quie-

717 1874 816 1895 scere.
850 1865 952 1897 Hiant
967 1871 1076 1897 autem
1093 1873 1169 1898 ante
1184 1867 1317 1905 febrem,
1338 1878 1366 1904 35

716 1925 791 1946 cum
814 1915 934 1947 multus
949 1917 990 1947 sit
1006 1927 1060 1948 aer
1075 1923 1209 1949 coactus
1223 1928 1318 1949 cunc-

717 1965 841 2006 timque
863 1976 883 1997 a
905 1976 1033 1998 summo
1052 1967 1166 1999 exiens
1181 1969 1318 2000 dimouit

716 2021 749 2046 et
771 2016 928 2047 disiunxit
950 2027 998 2048 os.
1033 2017 1105 2049 Hac
1121 2019 1207 2049 enim
1225 2019 1318 2050 facile

716 2066 881 2098 emittitur.
933 2067 1019 2098 Nam
1041 2069 1316 2108 quemadmodum

715 2126 758 2147 ex
790 2116 952 2148 lebetibus
979 2117 1173 2150 exalationis
1194 2119 1317 2151 affatim
1335 2129 1369 2154 40

769 2202 795 2221 Η
802 2195 918 2229 fieerint
928 2196 1004 2231 impr.
1071 2204 1100 2230 25
1114 2199 1263 2231 sanguinis
1275 2207 1317 2225 co·

716 2236 767 2262 dex
837 2244 868 2271 39
886 2238 1116 2271 quemadmodum
1132 2240 1217 2266 codex
1230 2241 1320 2266 ueluti

715 2279 792 2313 impr.
860 2286 894 2311 4ο
911 2280 1050 2307 exhalatio
1067 2281 1144 2316 impr.

1251 2339 1265 2358 2
