1598 2592
321 77 339 106 6

221 168 262 202 92
273 171 369 193 νεται·
403 161 541 205 διαφέρει
569 160 630 193 δ’ἐν
654 159 772 194 αὐτοῖσι
794 162 936 194 πλεῖστον
959 160 978 206 ἡ
1002 166 1094 204 πεῖρα
1115 166 1171 206 τῆς
1195 160 1347 206 ἀπειρίης.
1390 162 1422 195 ἓν
1443 162 1479 196 δὲ
1500 162 1541 207 δή

273 231 299 252 τι
329 225 387 252 τῶν
415 221 558 252 τοιοὺτων
586 219 665 252 ἐστὶν
687 221 771 253 τόδε·
794 222 822 253 τί
844 231 918 252 ποτε
939 222 974 252 τὸ
998 220 1093 253 αἴτιόν
1115 219 1179 253 ἐστι
1200 226 1258 253 τῶν
1280 222 1397 254 νοὺσων
1419 222 1476 254 καὶ
1494 224 1546 260 τίς

274 277 358 322 ἀρχὴ
391 280 446 311 καὶ
478 281 562 323 πηγὴ
595 281 708 320 γίνεται
736 285 794 311 τῶν
821 278 852 311 ἐν
874 286 916 322 τῷ
939 282 1060 323 σώματι
1080 281 1225 318 mamm
1249 278 1276 312 εὶ
1296 283 1357 324 γάρ
1378 292 1424 318 τις
1445 279 1541 327 εἰδείη

272 340 326 381 τὴν
353 337 451 382 αἰτίην
473 343 527 370 τοῦ
549 341 737 382 νοσήματος,
761 337 827 375 οἷός
848 335 874 371 τ’
899 338 936 371 ἂν
958 338 1006 382 εἴη
1028 340 1067 371 τὰ
1089 341 1286 384 συμφέροντα
1299 342 1484 384 προσφέρειν
1497 345 1541 384 τῷ

241 405 252 432 5
274 399 393 440 σώματι
415 396 451 430 ἐκ
472 403 530 430 τῶν
553 396 692 430 ἐναντίων
715 397 919 441 ἐπιστάμενος
941 404 983 440 τῷ
1005 400 1170 442 νοσήματι·
1195 396 1273 442 αὕτη
1295 401 1356 442 γὰρ
1378 397 1398 443 ἡ
1417 397 1540 444 ἰητριτιή

274 457 410 499 μάλιστα
436 458 519 488 κατὰ
547 458 634 501 φῦσιν
662 455 752 489 ἐστίν.
797 455 910 489 αὐτίκα
931 459 992 500 γὰρ
1014 458 1107 500 λιμὸς
1128 460 1241 494 νοῦσός
1263 456 1356 490 ἐστιν·
1381 458 1398 491 ὃ
1419 460 1480 501 γὰρ
1501 457 1541 492 ἂν

273 516 356 558 λυπῇ
387 517 437 547 τὸν
469 515 646 558 ἄνθρωπον,
675 521 764 548 τοῦτο
786 517 930 548 καλεῖται
950 520 1072 553 νοῦσος.
1116 519 1144 549 τί
1166 514 1219 549 οὖν
1242 518 1335 560 λιμοῦ
1357 519 1541 562 φάρμακοη

273 574 289 606 ὃ
312 575 404 606 mbas
426 575 529 617 λιμόν·
566 579 656 607 τοῦτο
679 574 788 607 δ’ἐστὶν
811 577 938 618 βρῶσις·
971 576 1068 618 τοὺτῳ
1091 575 1156 618 ἄρα
1177 575 1276 608 ἐκεῖνο
1297 575 1410 620 ἱητέον.
1454 574 1542 614 αὖτις

274 631 313 664 αὖ
337 634 427 677 δίψαν
450 634 567 666 ἔπαυσε
589 637 692 671 πόσις·
717 636 810 667 πάλιν
834 633 873 666 αὖ
895 636 1078 678 πλησμονὴν
1099 634 1183 678 ὶῆται
1204 638 1343 674 κένωσις,
1365 638 1493 668 κένωσιν
1508 637 1544 669 δὲ

224 699 255 718 10
274 693 450 736 πλησμονή,
473 695 566 725 πόνον
589 694 622 725 δὲ
646 692 770 737 ἀπονίη.
802 692 846 726 ἑνὶ
868 694 902 726 δὲ
925 696 1065 737 συντόμῳ
1087 695 1171 737 λόγῳ
1189 696 1228 726 τὰ
1245 693 1368 727 ἐναντία
1381 699 1440 728 τῶν
1453 693 1543 728 ἐναν-

272 753 340 783 τίων
363 750 442 783 ἐστὶν
463 750 595 794 ὶήματα·
619 750 740 796 ἰητρικὴ
763 755 823 795 γάρ
839 751 917 784 ἐστιν
933 751 1097 797 ἀφαίρεσις
1111 754 1167 785 καὶ
1180 754 1363 796 πρόσθεσις,
1379 752 1543 798 ἀφαίρεσις

273 812 326 852 μὲν
349 816 406 842 τῶν
428 811 669 849 πλεοναζόντων,
692 813 865 854 πρόσθεσις
887 812 921 844 δὲ
942 817 1001 844 τῶν
1017 811 1233 844 ἐλλειπόντων·
1254 811 1271 844 ὁ
1285 813 1320 845 δὲ
1332 812 1412 845 τοῦτ’
1429 812 1543 856 ἄριστα

271 872 382 901 ποιέων
405 869 530 912 ἄριστος
551 868 667 913 ἰητρός,
691 869 708 902 ὁ
731 871 765 902 δὲ
786 871 895 902 τοὺτου
918 872 1061 903 πλεῖστον
1085 870 1290 915 ἀπολειφθεὶς
1304 872 1448 904 πλεῖστον
1463 869 1542 904 ἃπ-

273 929 388 972 λείφθη
410 934 468 972 τῆς
489 931 612 972 τέχνης.
644 934 742 961 ταῦτα
766 931 820 972 μὲν
843 927 896 961 οὖν
919 928 950 962 ἐν
972 932 1118 973 παρέργῳ
1140 935 1194 962 τοῦ
1216 931 1313 971 λόγου
1335 935 1389 963 τοῦ
1408 931 1543 974 μέλλον-

227 993 254 1020 15
276 998 329 1023 τος
351 987 479 1031 εἴρηται.

377 1117 386 1135 1
407 1109 516 1137 αὐτέοισι
533 1109 561 1135 M
579 1110 652 1148 πείρη
671 1110 700 1136 Μ
772 1110 799 1137 δὲ
817 1118 874 1137 orn.
892 1110 921 1136 M
990 1118 1005 1136 2
1023 1111 1156 1138 τοιουτέων
1175 1110 1283 1138 codices
1301 1109 1354 1139 ἐστὶ
1370 1111 1400 1138 Μ
1414 1111 1444 1139 τὸ
1456 1119 1513 1140 om.
1524 1119 1541 1139 ι

274 1166 286 1194 3
306 1159 395 1187 παθῶν
416 1160 442 1186 Α
463 1163 547 1187 κακῶν
570 1160 615 1186 Ma
637 1170 661 1187 τι
680 1160 726 1194 (A2
744 1160 805 1187 add.
825 1161 847 1195 ς)
868 1161 893 1187 Α
914 1170 952 1192 τις
975 1161 1003 1187 Μ
1083 1168 1101 1194 4
1119 1169 1168 1196 pro
1191 1172 1243 1189 νοσ.
1261 1162 1343 1197 praeb.
1361 1162 1482 1200 σώματος
1497 1161 1542 1190 Μι-

272 1209 430 1247 ξυμφὲροντα
447 1210 472 1236 Α
489 1221 582 1248 προσφ,
599 1221 621 1238 τ.
644 1211 720 1248 ξυμφ.
738 1221 760 1238 τ.
779 1212 845 1249 ³⁰31*-
863 1211 892 1237 Μ
967 1219 977 1244 5
998 1212 1026 1238 ἐκ
1038 1221 1060 1239 τ.
1073 1212 1093 1238 ἑ.
1106 1212 1126 1239 ἐ.
1139 1222 1161 1239 τ.
1173 1213 1297 1250 νοσήματι
1309 1221 1365 1239 om.
1378 1213 1404 1239 A
1416 1213 1498 1248 praeb.
1509 1212 1541 1240 Μ

273 1260 300 1286 ἐκ
317 1270 339 1287 τ.
357 1260 377 1287 ἐ.
395 1259 526 1298 ἱστάμενος
547 1262 585 1298 τῷ
606 1263 729 1299 νοσήματι
750 1270 765 1287 a
787 1262 815 1288 ἐκ
833 1271 854 1288 τ.
873 1262 893 1288 ἐ.
911 1262 931 1289 ἐ.
949 1261 980 1288 τὰ
998 1263 1144 1299 νουσήματα
1162 1262 1186 1289 R
1203 1271 1301 1289 earum
1319 1271 1416 1290 rerum
1434 1284 1440 1290 .
1453 1284 1460 1290 .
1478 1271 1541 1298 quoe

272 1310 365 1336 morbo
381 1312 439 1344 ipsi
453 1311 647 1338 adamantur
663 1311 709 1339 Fil.
728 1321 763 1338 ex
779 1313 929 1338 contrariis
946 1312 1128 1345 aegritudines
1146 1312 1220 1340 Lasc.
1238 1322 1288 1348 pro
1301 1315 1448 1352 νουσήματα
1457 1313 1540 1341 Lim-e

273 1361 344 1387 coni.
368 1361 520 1399 βοηθήματα
602 1363 619 1388 6
641 1362 703 1400 αὕτη
731 1362 779 1400 γὰρ
797 1363 821 1388 Α
840 1362 928 1390 αὐτίκα
950 1362 998 1400 γὰρ
1017 1362 1046 1389 Μ
1064 1363 1138 1394 νόσος
1157 1363 1185 1390 Μ
1271 1363 1285 1390 ὃ
1303 1364 1328 1390 Α
1347 1363 1395 1392 ὅσα
1411 1364 1442 1391 Μ
1460 1363 1498 1392 ὅτι
1514 1363 1539 1391 R

273 1418 287 1445 7
306 1411 385 1448 λυπέῃ
413 1412 522 1438 codices
549 1412 607 1439 οἷν-ον
629 1413 658 1439 Μ
683 1411 733 1446 (cfr
750 1413 878 1446 TRAussE,
900 1412 982 1440 Nom.
1002 1421 1076 1439 sacra
1094 1422 1119 1448 p.
1141 1414 1198 1448 122)
1223 1415 1340 1442 καλέεται
1361 1405 1471 1442 εοάἰσόε

272 1461 288 1487 8
306 1460 357 1488 ἐστὶ
375 1461 404 1488 Μ
425 1462 506 1498 τούτῳ
524 1462 575 1500 ἄρα
592 1463 672 1490 ἐκεῖνο
692 1463 774 1500 ῐητέον
791 1464 816 1490 Α
834 1464 921 1490 Aldus
940 1464 1019 1491 ἐκεῖνο
1041 1466 1115 1491 τοῦτο
1137 1463 1186 1502 γὰρ
1210 1464 1293 1502 ιἠτέον
1310 1465 1339 1491 Μ
1361 1465 1448 1502 ἐκείνῳ
1465 1466 1539 1493 tow

274 1511 356 1548 ιἠτέον
374 1512 397 1538 R
414 1512 464 1539 hoc
480 1521 546 1546 ergo
563 1513 639 1539 illud
653 1517 750 1540 curato
767 1514 868 1540 Calvus
948 1522 980 1541 ιο
997 1521 1059 1549 post
1077 1512 1168 1552 ἀπονίῆ
1185 1515 1246 1541 add.
1264 1515 1367 1553 ἀπονίην
1383 1515 1411 1543 δὲ
1421 1516 1498 1547 πόνος
1509 1515 1540 1542 Μ

272 1562 386 1599 Ευντόμῳ
405 1563 434 1589 Μ
505 1570 531 1589 11
553 1564 606 1591 ἐστι
623 1564 651 1590 Μ
670 1564 801 1602 ἀφαίρεσις
824 1563 863 1592 καὶ
882 1573 938 1593 om.
957 1565 986 1591 M
1003 1575 1045 1602 πρ.
1063 1564 1104 1592 καὶ
1122 1566 1166 1603 ἀφ.
1185 1565 1208 1592 R
1280 1572 1310 1592 12
1329 1565 1539 1604 ὓπιρβαλλόπων

272 1621 321 1647 pro
339 1614 529 1644 πλεοναζόντων
549 1613 576 1639 Μ
595 1614 747 1642 ἐλλιπόντων
760 1615 867 1641 codices
936 1616 1059 1642 καλλιστα
1072 1618 1146 1642 τοῦτο
1159 1615 1189 1642 Μ
1259 1623 1288 1650 13
1303 1622 1366 1651 post
1379 1615 1468 1654 ἰητρὸς
1475 1615 1538 1645 add.

271 1663 301 1690 ἂν
323 1663 361 1700 εἴη
385 1664 413 1690 Μ
503 1664 697 1702 ἀπηλλαγμένος
724 1671 750 1691 et
773 1665 932 1702 ἀπήλλακται
958 1674 1007 1700 pro
1034 1664 1197 1703 ἀπολειφθεὶς
1223 1672 1250 1692 et
1275 1665 1418 1704 ἀπελείφθη
1441 1665 1470 1692 Μ

275 1721 305 1745 14
323 1720 384 1740 ante
407 1718 453 1751 τῆς
475 1715 536 1741 add.
559 1714 599 1742 καὶ
617 1715 645 1741 Μ
663 1715 694 1742 τὰ
713 1715 757 1752 μὲν
775 1715 818 1743 οὖν
836 1716 865 1742 Μ
883 1719 960 1743 ταῦτα
979 1717 1024 1753 μὲν
1041 1716 1085 1744 οὖν
1102 1727 1145 1754 μοι
1168 1716 1192 1742 H
1211 1725 1244 1743 ex
1262 1725 1315 1743 em.
1333 1716 1388 1743 ΖΨ.
1406 1717 1434 1743 in
1452 1725 1538 1752 marg.

271 1764 299 1791 τὸ
317 1765 362 1798 (Αρ
380 1766 427 1798 τῶ)
443 1765 513 1803 λόγω
532 1765 556 1791 A
574 1768 617 1792 τοῦ
636 1766 713 1803 λόγου
733 1766 761 1792 Μ
