1598 2592
41 154 143 186 uenis.
195 153 260 186 Ubi
282 163 363 194 ergo
386 154 418 185 in
441 163 543 184 uenas
565 163 647 184 cras-

40 215 95 236 sas
125 214 164 236 ac
195 205 355 245 sanguine
384 203 524 244 plurimo
548 204 647 235 abun-

41 255 159 286 dantes
180 254 371 292 incubuerit,
391 254 583 285 incumbens
594 264 647 285 au-

41 311 108 337 tem
141 306 304 342 manserit,
340 305 473 346 sanguis
508 305 646 335 transitu

41 355 246 396 prohibetur;
290 355 354 386 hac
396 355 525 392 insistit,
565 356 646 386 istac

41 406 195 448 languide
217 405 342 443 transit,
366 405 438 436 illac
461 415 540 436 uero
562 405 645 436 cele-

41 457 115 488 rius.
160 456 244 488 Cum
265 457 434 496 sanguinis
455 462 566 487 autem
582 466 646 487 me-

41 512 114 538 atus
147 517 207 548 per
238 516 358 547 corpus
388 506 552 537 dissimilis
578 506 645 543 fiat,

41 557 150 589 omnis
161 557 290 598 generis
304 556 584 588 dissimilitudines
599 567 645 588 se-

40 612 192 649 quuntur.
236 607 322 638 Nam
339 617 436 638 omne
451 617 570 647 corpus
585 613 645 638 tra-

41 659 89 690 hit
119 658 263 699 undique
294 668 333 689 ac
362 658 473 689 turbat
499 658 645 698 corporis

41 714 160 750 partes,
193 708 353 749 sanguine
384 708 571 739 huiusmodi
599 713 645 739 tu-

41 758 156 790 multui
171 759 415 799 turbationique
430 758 644 799 obsequente,

41 820 84 841 ex
107 810 314 850 peruersione
343 814 453 840 autem
479 809 646 850 sanguinis

41 861 142 892 uariae
155 869 193 891 ac
203 859 399 900 multiplices
408 860 554 900 corporis
564 859 645 890 fiunt

42 910 279 951 peruersiones.
329 910 389 941 Per
410 910 443 941 id
465 920 544 941 uero
566 915 644 941 tem-

42 961 131 1002 poris
161 960 238 991 nihil
269 961 414 992 sentiunt
439 966 473 991 et
499 961 580 991 muti
602 960 644 992 ad

42 1012 130 1042 dicta
152 1017 185 1042 et
207 1011 286 1042 caeci
309 1011 351 1041 ad
375 1011 461 1043 facta
483 1016 517 1042 et
532 1011 574 1042 ad
590 1011 644 1041 do-

41 1061 127 1093 lores
157 1071 199 1092 ne
228 1060 377 1092 dolentes
404 1061 544 1102 quidem.
590 1061 644 1093 Sic

42 1112 129 1143 enim
151 1111 300 1143 turbatus
323 1121 378 1143 aer
392 1112 584 1152 sanguinem
597 1122 643 1143 re-

42 1162 184 1194 turbauit
207 1167 306 1203 atque
328 1163 517 1203 inquinauit.
562 1161 644 1203 Spu-

42 1223 106 1245 mae
127 1223 258 1254 quoque
281 1223 347 1243 non
369 1213 511 1244 absurde
533 1223 592 1253 per
606 1223 644 1244 os

41 1268 217 1294 recurrunt.
261 1263 346 1294 Nam
362 1274 421 1304 per
435 1273 537 1294 uenas
553 1273 644 1303 gran-

41 1314 101 1345 des
114 1323 170 1344 aer
180 1313 374 1354 demergens
386 1319 456 1344 tum
468 1314 538 1354 ipse
550 1313 641 1350 redit,

41 1369 111 1395 tum
137 1373 249 1395 secum
271 1364 493 1395 tenuissimam
516 1364 643 1404 sangui-

43 1415 92 1445 nis
114 1419 240 1454 partem
263 1413 368 1445 refert.
413 1414 449 1445 Id
466 1419 576 1445 autem
587 1414 643 1445 hu-

43 1465 130 1500 midi,
145 1464 234 1505 quod
249 1470 300 1495 est
315 1465 585 1502 circummixtum‚
601 1465 643 1495 ef-

42 1514 148 1546 ficitur
159 1514 278 1546 album.
309 1514 379 1546 Aer
389 1515 476 1546 enim
488 1516 643 1555 quoniam

44 1575 144 1606 purus
165 1565 215 1602 sit,
235 1575 293 1606 per
307 1570 423 1596 tenues
438 1565 644 1597 membranas

44 1616 245 1656 perspicitur.
280 1614 504 1656 Quamobrem
519 1626 644 1656 spumae

44 1676 159 1697 omnes
185 1671 344 1707 apparent
366 1666 458 1697 albae.
503 1665 645 1706 Quando

44 1722 153 1748 autem
185 1727 204 1747 a
234 1716 350 1747 morbo
381 1722 414 1747 et
444 1727 463 1747 a
493 1717 646 1757 praesenti

44 1772 241 1807 tempestate
263 1767 441 1808 quiescant,
464 1778 548 1807 quos
566 1777 647 1798 mor-

45 1817 107 1848 bus
129 1818 327 1858 corripuerit,
351 1818 382 1848 in
405 1818 549 1848 medium
568 1817 647 1849 refe-

46 1877 124 1898 ram.
156 1867 238 1899 Cum
252 1867 418 1899 laboribus
429 1878 548 1908 corpus
560 1878 648 1899 exer-

46 1918 181 1949 citatum
213 1918 420 1955 concaluerit,
452 1919 649 1950 concalescit

47 1968 145 1999 etiam
162 1969 309 2010 sanguis;
332 1969 465 2009 sanguis
481 1979 558 2000 uero
574 1979 648 2000 con-

48 2017 224 2050 calefactus
246 2019 370 2050 calores
393 2019 424 2050 in
447 2020 538 2060 ipsos
553 2019 649 2051 flatus

48 2069 214 2106 excitauit,
243 2070 298 2109 qui
325 2069 381 2100 ubi
407 2070 648 2106 concaluerunt,

48 2118 269 2150 dissoluuntur
284 2125 499 2161 coactumque
515 2127 548 2151 et
564 2131 649 2151 com-

50 2169 187 2200 mixtum
226 2170 418 2210 sanguinem
457 2170 649 2207 dissoluunt,

50 2219 101 2250 alii
132 2220 264 2260 quidem
294 2230 368 2251 cum
390 2221 505 2261 spiritu
528 2222 651 2262 egredi-

102 2288 130 2315 33
150 2282 293 2315 quiescunt
310 2281 395 2309 codex

1219 77 1255 104 31

703 153 965 193 immoreturque,
999 152 1166 192 sanguinis
1197 152 1305 183 exitus

703 203 890 243 impeditur;
918 203 1039 234 idcirco
1061 203 1178 243 partim
1201 203 1304 234 firma-

703 259 764 290 tur,
786 254 904 294 partim
923 253 1011 284 haud
1027 252 1127 284 libere
1142 254 1220 291 exit,
1235 263 1305 294 par-

702 304 760 335 tim
783 314 861 335 uero
883 303 1029 335 celerius.
1071 303 1220 344 Cumque
1243 304 1304 334 dis-

702 354 815 385 similis
837 365 897 395 per
918 364 1036 395 corpus
1058 353 1116 385 fiat
1138 355 1304 394 sanguinis
1324 366 1337 392 5

702 410 840 442 meatus,
863 405 963 436 uariae
979 405 1131 436 accidunt
1146 404 1304 436 dissimili-

702 456 840 487 tudines.
890 455 1020 487 Etenim
1051 460 1157 486 totum
1186 466 1305 496 corpus

702 506 845 546 undique
857 506 995 537 trahitur
1003 505 1304 546 conturbanturque

702 557 848 597 corporis
870 562 989 597 partes,
1012 557 1168 597 quoniam
1183 566 1240 587 eas
1255 562 1304 587 tu-

702 607 817 638 multui
845 607 1152 648 conturbationique
1174 608 1302 648 sangui·
1324 618 1358 637 10

702 658 751 688 nis
773 657 954 689 ministrare
977 663 1116 698 oportet,
1139 663 1239 698 atque
1261 668 1304 688 ex

701 708 941 739 diuersionibus
967 708 1135 749 sanguinis
1157 709 1304 748 corporis

702 759 801 789 etiam
840 759 1065 790 contorsiones
1102 758 1304 790 omnifariam

701 808 770 840 fieri
792 809 961 850 contingit.
1006 809 1079 840 Hoc
1100 815 1210 840 autem
1225 814 1303 840 tem-

701 869 781 900 pore
812 859 889 890 nihil
916 859 1046 900 penitus
1077 861 1222 891 sentiunt
1243 870 1303 890 nec
1324 870 1354 896 ις

700 910 789 941 dicta
819 910 932 941 auditu
964 910 1146 950 percipiunt
1173 920 1233 941 nec
1261 911 1304 941 ui·

701 961 790 997 dent,
817 971 893 1001 quae
920 960 1008 997 fiant,
1031 971 1139 1001 neque
1162 960 1304 992 afficiun-

700 1016 752 1042 tur
774 1011 952 1042 doloribus.
997 1011 1096 1042 Adeo
1119 1016 1304 1042 commotus

700 1072 757 1092 aer
790 1062 983 1102 sanguinem
1019 1062 1227 1093 conturbauit
1261 1063 1304 1093 in-

701 1111 853 1152 fecitque.
888 1112 931 1143 Et
953 1122 1081 1152 spumae
1105 1123 1162 1152 per
1177 1123 1215 1144 os
1229 1123 1303 1144 con·
1323 1122 1358 1142 20

700 1163 868 1193 uenienter
898 1168 1083 1194 excurrunt.
1133 1163 1219 1194 Nam
1247 1173 1304 1204 per

699 1214 841 1253 grandes
881 1223 983 1244 uenas
1023 1223 1078 1244 aer
1116 1214 1303 1254 digrediens

699 1264 815 1294 transit
844 1264 914 1304 ipse
942 1264 1074 1304 quidem
1097 1274 1225 1295 sursum
1247 1264 1303 1295 du-

699 1315 808 1354 citque
840 1324 951 1345 secum
982 1320 1108 1354 partem
1135 1315 1303 1354 sanguinis

699 1365 934 1396 tenuissimam.
982 1364 1169 1396 Humiditas
1191 1370 1300 1396 autern
1321 1375 1351 1401 25

699 1415 926 1446 circummixta
938 1415 1013 1446 alba
1025 1415 1231 1455 conspicitur,
1244 1426 1302 1456 per

699 1471 816 1496 tenues
838 1465 999 1506 siquidem
1017 1465 1185 1506 paniculos
1201 1476 1301 1506 purus

700 1516 862 1546 exsistens
877 1526 933 1547 aer
946 1521 1138 1556 transparet,
1155 1522 1300 1557 propter-

700 1576 805 1606 eaque
828 1566 911 1597 albae
934 1577 1048 1597 omnes
1063 1567 1214 1598 uidentur
1228 1577 1301 1607 spu-

701 1627 773 1647 mae.
817 1617 940 1647 Verum
963 1617 1173 1658 quandonam
1195 1623 1303 1649 cessat
1323 1627 1355 1654 30

702 1667 864 1707 aegritudo
896 1678 1107 1708 praesensque
1138 1669 1308 1699 conturba-

703 1718 748 1748 tio
772 1718 803 1748 in
826 1718 874 1753 iis,
894 1718 949 1758 qui
966 1717 1020 1748 tali
1038 1718 1152 1749 morbo
1165 1719 1309 1749 detinen-

704 1766 773 1799 tur?
809 1768 882 1799 Hoc
897 1769 996 1799 etiam
1009 1769 1162 1809 aperiam.
1197 1768 1308 1809 Quan-

704 1819 748 1850 do
764 1817 930 1850 laboribus
942 1820 1122 1850 exercitum
1135 1820 1229 1850 suerit
1241 1830 1309 1851 cor-

706 1879 767 1909 pus
799 1869 1004 1906 calefactum,
1037 1871 1171 1911 sanguis
1208 1871 1307 1901 etiam
1329 1880 1359 1906 35

706 1919 902 1951 concalescit
938 1920 1180 1961 calefactusque
1213 1920 1310 1952 flatus

705 1980 838 2010 quoque
871 1970 1034 2009 calefacit;
1070 1972 1126 2012 qui
1161 1971 1310 2003 calefacti

706 2020 936 2058 dissoluuntur,
972 2022 1144 2062 sanguinis
1177 2022 1311 2062 insuper

706 2071 995 2102 condensationem
1012 2072 1254 2103 dissoluuentes
1265 2073 1310 2112 ip-

706 2121 799 2161 sique
822 2127 948 2161 partem
963 2133 1038 2153 cum
1054 2123 1177 2163 spiritu,
1192 2123 1309 2163 partim
1327 2131 1364 2156 40

707 2181 781 2202 cum
804 2171 992 2213 phlegmate
1015 2173 1147 2213 egressi.
1183 2172 1309 2213 Spuma

757 2241 790 2268 26
807 2242 870 2268 alba
888 2251 943 2269 om.
962 2243 1056 2275 codex,
1075 2243 1156 2278 praeb.
1175 2243 1252 2278 impr.

709 2291 736 2318 31
754 2284 929 2317 perturbatio
946 2285 1023 2319 impr.
