1598 2592
248 392 258 417 5

324 70 365 99 30

279 147 392 186 γίνεται
424 147 574 190 πολλαχῆ
607 149 690 179 κατὰ
720 149 777 184 τὰς
808 148 940 191 φλέβας·
975 146 1099 180 ἐπειδὰν
1127 145 1180 180 οὖν
1203 146 1236 184 ἐς
1257 149 1315 184 τὰς
1336 150 1474 192 παχείας
1493 149 1552 182 καὶ

279 205 476 247 πολοαίμους
508 206 628 249 φλέβας
660 206 760 242 πολὺς
793 206 855 250 ἀὴρ
889 208 991 249 βρίσῃ,
1023 208 1135 249 βρίσας
1161 207 1196 238 δὲ
1218 209 1317 250 μείνῃ,
1339 207 1494 240 κωλὺεται
1512 209 1550 242 τὸ

280 262 359 307 αἱμα
381 264 534 301 διεξιέναι·
558 269 595 307 τῇ
619 266 672 307 μὲν
696 263 748 297 οὖν
771 263 941 309 ἐνέστηκεν,
963 270 1001 308 τῇ
1024 266 1058 297 δὲ
1079 266 1212 308 νωθρῶς
1233 266 1432 310 διεξέρχεται,
1452 271 1492 310 τῇ
1513 266 1549 300 δὲ

279 323 417 354 θάσσον·
442 321 594 366 ἀνομοίης
616 324 650 355 δὲ
671 329 727 367 τῆς
749 326 877 367 πορείης
898 330 940 366 τῷ
964 323 1071 367 αἵματι
1086 325 1138 356 διὰ
1153 328 1207 356 τοῦ
1223 326 1368 367 σώματος
1382 327 1551 371 γενομένης

279 386 421 413 παντοῖαι
456 380 488 413 αἱ
520 380 753 425 ἀνομοιότητες·
787 389 848 414 πᾶν
870 385 929 426 γὰρ
952 384 986 414 τὸ
1009 388 1102 426 σῶμα
1124 384 1325 427 πανταχόθεν
1347 382 1472 435 ἕλκεται
1491 385 1550 418 καὶ

278 442 449 472 τετίνακται
470 442 509 472 τὰ
533 442 630 483 μέρεα
651 445 705 472 τοῦ
728 443 874 484 σώματος
896 439 1103 485 ὑπηρετέοντα
1124 447 1167 484 τῷ
1188 445 1320 486 ταράχῳ
1341 444 1397 476 καὶ
1416 444 1548 487 θορύβῳ

277 503 331 530 τοῦ
355 498 498 542 αἵματος,
521 500 706 542 διαστροφαί
727 512 759 532 τε
781 506 923 532 παντοῖαι
945 503 1098 537 παντοίως
1119 503 1265 542 γίνονται·
1288 503 1372 535 κατὰ
1389 502 1424 535 δὲ
1437 506 1544 536 τοῦτον

277 559 327 589 τὸν
349 559 457 600 καιρὸν
481 557 666 601 ἀναίσθητοι
688 562 808 591 πάντων
831 558 915 598 εἰσίν,
937 562 1037 604 κωφοί
1058 571 1091 592 τε
1112 565 1170 592 τῶν
1193 561 1366 604 λεγομένων
1387 562 1498 606 τυφλοί
1511 572 1547 595 τι

276 621 333 648 τῶν
355 619 518 660 γινομένων
541 616 709 661 ἀνάλγητοί
730 630 761 650 τε
783 620 862 661 πρὸς
883 619 956 655 τοὺς
977 621 1104 655 πόνους·
1129 617 1227 656 οὕτως
1247 618 1264 652 ὁ
1281 618 1342 664 ἀὴρ
1367 621 1546 665 ταραχθεὶς

179 683 237 714 114
246 674 460 718 ιοᾶνετάραξεν
493 677 527 708 τὸ
559 675 638 719 αἷμα
668 678 723 708 καὶ
744 676 875 720 ἐμίηνεν.
912 676 1007 722 ἀφροὶ
1029 678 1062 710 δὲ
1085 679 1137 710 διὰ
1159 683 1212 711 τοῦ
1235 681 1391 722 στόματος
1413 678 1546 724 ἀνατρέ-

226 979 253 1005 15

275 745 394 777 χουσιν,
417 733 556 771 εἰκότως·
593 736 644 767 διὰ
676 738 735 778 γὰρ
769 742 826 768 τῶν
856 738 976 781 φλεβῶν
1005 737 1153 769 διαδὺνων
1177 736 1193 770 ὁ
1217 736 1278 782 ἀὴρ
1301 736 1466 782 ἀνέρχεται
1485 741 1545 783 μὲν

276 791 379 830 αὐτός,
414 792 520 834 ἀνάγει
551 795 584 826 δὲ
615 793 797 837 μετ’ἑωυτοῦ
824 797 858 827 τὸ
881 797 1067 828 λεπτότατον
1089 801 1143 828 τοῦ
1167 795 1313 840 αἵματος·
1336 798 1371 830 τὸ
1393 798 1428 830 δὲ
1449 795 1543 841 ὑγρὸν

275 858 316 894 τῷ
338 851 406 895 ἠέρι
430 854 624 895 μειγνὺμενον
647 854 854 886 λεοκαίνεται·
879 855 931 886 διὰ
953 855 1070 887 λεπτῶν
1092 857 1152 897 γὰρ
1175 853 1292 898 ὑμένων
1313 857 1462 900 καθαρὸς
1481 855 1542 891 &w

274 909 291 942 ὁ
320 910 380 954 ἀὴρ
414 912 622 955 διαφαίνεται·
658 913 705 944 διὸ
739 913 776 956 δὴ
811 915 970 957 φαίνονται
1002 915 1161 951 παντελῶς
1192 913 1221 946 οἱ
1253 914 1357 959 ἀφροί.
1389 917 1465 948 πότι
1485 913 1542 948 οὖν

273 971 443 1002 παῦσονται
473 976 528 1014 τῆς
559 972 671 1003 νοῦσοι)
698 973 753 1003 καὶ
778 976 831 1004 τοῦ
854 975 1024 1015 παρεόντος
1044 979 1199 1016 χειμῶνος
1221 972 1250 1006 οἱ
1272 972 1332 1006 ὑπὸ
1353 975 1463 1007 ‘cebron
1484 979 1541 1008 τοῦ

272 1031 449 1072 νοσήματος
483 1029 698 1073 ἁλισκόμενοι;
732 1029 846 1063 ὁπόταν
878 1033 1057 1074 γομνασθὲν
1090 1030 1150 1064 ὑπὸ
1181 1038 1238 1065 τῶν
1268 1036 1368 1066 πόνων
1389 1034 1424 1066 τὸ
1445 1038 1539 1078 σῶμα

272 1088 414 1131 θερμήνῃ
445 1090 479 1120 τὸ
508 1088 601 1132 αἷμα·
631 1091 665 1121 τὸ
689 1090 722 1121 δὲ
745 1090 977 1133 διαθερμανθὲν
1000 1089 1154 1134 ἐθέρμηνε
1176 1093 1233 1128 τὰς
1255 1093 1367 1136 φῦσας,
1390 1090 1482 1126 αὗται
1503 1093 1539 1127 δὲ

272 1146 555 1190 διαθερμανθεῖσαι
588 1149 784 1193 διαφέρονται
814 1150 869 1181 καὶ
897 1150 1060 1182 διαλὺοοσι
1081 1153 1134 1194 τὴν
1157 1152 1303 1183 σι’)στασιν
1324 1156 1379 1184 τοῦ
1402 1150 1538 1196 αῆιατος

273 1203 305 1236 αἱ
326 1207 382 1248 μὲν
405 1207 645 1244 συνεξελθοῦσαι
667 1209 745 1250 μετὰ
767 1212 820 1239 τοῦ
843 1209 1027 1251 πνεῦματος,
1055 1207 1088 1241 αἱ
1109 1209 1144 1241 δὲ
1166 1211 1245 1252 μετὰ
1266 1214 1320 1242 τοῦ
1343 1211 1537 1255 φλέγματος·

375 1343 383 1361 1
406 1336 511 1373 γίνονται
529 1336 554 1362 Μ
626 1336 689 1364 κατὰ
706 1337 732 1363 A
750 1336 797 1364 ἀνὰ
814 1337 843 1364 Μ
917 1345 931 1364 2
951 1338 1049 1376 φλέβας
1066 1338 1091 1365 Α
1108 1343 1160 1366 τῶν
1177 1340 1280 1377 φλεβῶν
1297 1340 1326 1366 Μ
1393 1339 1489 1372 πουλὺς
1505 1339 1537 1368 Μ

271 1386 340 1422 μείνῃ
359 1385 410 1411 ΑΗ
429 1387 489 1423 με’νῃ
509 1387 538 1413 Μ
605 1394 622 1419 4
640 1388 677 1424 τῷ
695 1387 780 1425 αἵματι
796 1388 821 1414 Α
839 1390 882 1415 τοῦ
895 1387 1001 1426 αἵματος
1014 1389 1043 1415 Μ
1112 1391 1242 1428 γινομένης
1253 1391 1279 1417 Α
1291 1391 1426 1429 γενομένης
1437 1390 1468 1418 Μ

273 1443 282 1468 5
304 1434 328 1462 αἱ
350 1436 429 1470 praeb.
448 1437 481 1468 A,
505 1445 561 1463 om.
580 1437 608 1463 M
711 1438 727 1464 6
744 1438 881 1465 τετίνακται
897 1439 922 1464 Α
946 1440 1094 1477 τετάρακται
1112 1440 1141 1466 Μ
1238 1442 1303 1479 μέρη
1326 1441 1434 1468 codices
1457 1441 1536 1480 μίροα

270 1486 361 1521 scripsi
455 1487 622 1525 ὑπηρετοῦντα
644 1488 669 1514 A
693 1488 747 1515 Zw.
766 1489 794 1514 in
812 1497 896 1524 marg.
914 1489 946 1517 τὰ
965 1489 1133 1528 ὑπηρετοῦντα
1150 1491 1175 1517 Η
1195 1490 1376 1529 ὑπηρετοῦντος
1393 1491 1423 1518 Μ
1441 1490 1536 1530 ὑπηρε-

269 1537 355 1563 τέοντα
373 1538 464 1572 scripsi
549 1539 586 1575 τῷ
607 1539 711 1575 θορύβῳ
739 1538 779 1566 καὶ
804 1541 907 1576 ταράχῳ
926 1540 955 1566 Μ
1057 1548 1073 1575 7
1091 1541 1240 1579 διαστροφαί
1263 1552 1291 1569 τε
1312 1544 1427 1570 παντοῖαι
1442 1542 1468 1569 Α
1486 1541 1535 1571 ὓπὸ

269 1586 294 1613 δὲ
321 1591 366 1624 τῆς
392 1587 545 1625 διαστροφῆς
570 1589 693 1626 (ταραχῆς
715 1589 748 1620 Η,
771 1589 825 1618 Zw.
844 1590 871 1616 in
890 1599 974 1625 marg.
999 1590 1078 1620 Foes.
1095 1591 1123 1618 in
1142 1593 1210 1626 not.)
1235 1595 1278 1619 τοῦ
1305 1591 1411 1630 αἵματος
1433 1590 1458 1620 αἶ
1478 1592 1536 1620 δια·

270 1636 375 1674 στροφαὶ
392 1640 435 1664 τοῦ
455 1639 573 1675 σώματος
591 1639 644 1665 MR
730 1639 746 1666 8
764 1639 804 1667 καὶ
821 1641 912 1678 τυφλοί
929 1651 956 1668 τε
974 1641 1002 1668 Μ
1079 1649 1095 1676 9
1113 1643 1299 1680 ἀλλάγιτοιΑί.
1318 1642 1455 1681 ἀνάλγητοι
1465 1642 1533 1670 A’M

269 1688 334 1714 οὕτω
353 1688 395 1719 ΑῙ,
414 1688 495 1719 οὕτως
512 1689 548 1714 A¹
567 1689 632 1716 οὕτω
651 1689 698 1727 γὰρ
717 1690 745 1715 Μ
833 1698 864 1717 10
881 1691 1016 1729 ἁνετάραξε
1034 1692 1063 1718 Μ
1143 1693 1236 1730 ἔμεινεν
1253 1693 1299 1727 A¹‚
1317 1693 1407 1731 ἔμηνεν
1423 1693 1460 1719 A'
1477 1693 1534 1731 ἐμί-

268 1748 311 1774 ηνε
330 1738 357 1764 Μ
434 1737 510 1776 ἁφροὶ
527 1739 553 1766 δὲ
572 1739 596 1765 Α
614 1738 654 1766 καὶ
672 1739 748 1777 ἀφροὶ
766 1740 795 1766 Μ
871 1749 897 1767 11
918 1741 1024 1773 εἰκότως
1041 1742 1171 1777 expunxit
1188 1743 1324 1770 Ermerins
1392 1749 1455 1770 ante
1467 1743 1534 1782 φλι·

269 1788 320 1824 βῶν
332 1788 392 1815 add.
407 1789 541 1826 σφαγιδίων
554 1789 581 1815 Μ
595 1790 753 1827 σφαγιτιδίων
766 1790 789 1816 R
802 1792 945 1829 σφραγίδων
957 1801 970 1818 r
982 1793 1134 1830 σφραγιδίων
1145 1792 1233 1819 Aldus
1251 1794 1402 1831 σφαγιτὶδων
1413 1793 1535 1822 editores

268 1839 396 1875 ἀνέρχεται
414 1839 437 1864 Α
463 1840 561 1876 ἔρχεται
579 1840 606 1865 Μ
625 1840 747 1877 διέρχεται
764 1841 788 1867 H
887 1849 917 1868 12
937 1842 992 1879 μεθ’
1011 1843 1105 1870 ἑωυτοῦ
1127 1843 1152 1869 Α
1176 1844 1227 1880 μετ’
1247 1843 1341 1871 ἑωυτοῦ
1368 1844 1397 1870 Μ
1424 1844 1480 1872 Zw.
1500 1844 1530 1871 in

268 1897 351 1923 marg.
380 1890 432 1926 μετ’
455 1890 536 1916 cunzo&
562 1890 584 1916 R
690 1898 718 1924 13
742 1891 770 1918 τὸ
791 1893 997 1929 περιμισχόμενον
1020 1893 1048 1919 Μ
1132 1894 1264 1921 λευκοῦται
1286 1894 1315 1920 Μ
1420 1901 1451 1927 14
1467 1905 1532 1923 παν·

267 1939 348 1970 τελῶς
366 1940 390 1965 Α
407 1941 496 1970 πάντες
515 1940 542 1966 Μ
631 1948 657 1974 Ις
678 1941 812 1968 παύσονται
829 1942 853 1967 Α
870 1943 988 1970 παύονται
1005 1943 1034 1969 Μ
1119 1944 1208 1970 τούτου
1226 1952 1280 1972 om.
1300 1944 1328 1971 M
1417 1946 1448 1972 16
1465 1951 1531 1980 post

267 1990 426 2026 ἁλισκόμενοι
447 1990 507 2016 add.
526 1990 575 2027 ἐγὼ
594 1992 683 2028 φράσω
702 1991 731 2017 Μ
821 1992 911 2019 ὁκόταν
929 1993 957 2018 Μ
1063 2001 1091 2028 17
1111 2002 1160 2028 pro
1178 1994 1292 2032 θερμήνῃ
1312 2016 1386 2023 .....
1404 1996 1530 2034 ἐθέρμηνε

267 2040 346 2074 praeb.
370 2040 511 2077 θερμανθῇ,
537 2041 696 2078 θερμαίνεται
722 2040 762 2068 καὶ
784 2042 812 2069 τὸ
835 2041 909 2080 αἷμα·
931 2043 960 2070 τὸ
978 2043 1005 2071 δὲ
1023 2042 1085 2081 αἷμα
1102 2044 1245 2082 θερμανθὲν
1263 2045 1414 2083 ἐξεθὲρμανε
1431 2046 1460 2072 Μ

270 2091 298 2115 18
316 2082 537 2128 διαθερμανθεῖσαι
554 2091 605 2117 AH
623 2091 657 2119 al.
675 2100 710 2117 m.
730 2092 783 2118 Zw.
802 2093 828 2118 in
846 2101 930 2128 marg.
949 2093 1026 2120 Foes.
1045 2095 1072 2120 in
1090 2101 1147 2120 not.
1166 2094 1346 2132 θερμανθεῖσαι
1366 2096 1395 2122 Μ
1473 2096 1530 2124 δια-

266 2142 382 2177 φέρονται
400 2141 424 2167 Α
442 2141 581 2168 διαλύονται
594 2141 621 2167 Μ
639 2141 813 2179 διαφορὲονται
831 2144 900 2170 coni.
914 2144 1052 2170 Reinhold
1121 2145 1260 2172 διαλύουσιν
1273 2146 1301 2172 Μ
1371 2146 1486 2181 ξύστασιν
1497 2146 1527 2173 Μ

270 2199 299 2224 19
318 2191 509 2225 συνεξελθοῦσαι
526 2192 576 2218 ΑΗ
595 2191 637 2219 οὖν
655 2191 802 2226 ἐξελθοῦσαι
820 2193 848 2219 Μ
