1598 2592
246 394 255 420 5

320 64 357 92 28

276 146 352 180 εἶναι
374 149 495 191 μάλλον
518 153 575 180 τῶν
598 147 629 180 ἐν
651 155 693 191 τῷ
716 150 836 192 σώματι
858 150 1116 193 συμβαλλόμενον
1138 149 1171 187 ἐς
1193 153 1339 195 φρόνησιν
1361 150 1432 195 ἢτὸ
1447 149 1544 196 αἷμα·
1597 146 1598 149 “

275 211 364 239 τοῦτο
387 205 491 239 δ’ὅταν
515 209 569 250 μὲν
592 206 623 239 ὲν
644 213 686 250 τῷ
709 209 901 240 καθεστεῶτι
922 211 1010 251 μένῃ,
1033 211 1117 252 μένει
1138 208 1228 253 καὶὴ
1244 212 1405 254 φρόνησις·
1427 209 1547 254 ἐπροτ-
1596 215 1598 217 “

277 268 407 309 ουμένου
431 266 465 298 δὲ
487 271 542 298 τοῦ
566 265 700 310 αἵματος
722 269 902 310 μεταπίπτει
923 269 978 300 ’καὶ
999 266 1020 312 ἡ
1039 271 1196 312 φρόνησις.
1227 267 1272 301 ὅτι
1287 269 1322 301 δὲ
1334 274 1433 302 ταῦτα
1446 266 1547 308 οὗτος

276 326 352 369 ἔχει,
375 326 481 357 πολλὰ
502 327 541 357 τὰ
563 328 790 368 μαρτυρὲοντα·
814 332 934 369 πρῶτον
956 328 1011 370 μὲν
1034 326 1110 370 ὅπερ
1133 326 1234 360 ἅπασι
1254 333 1318 365 τοῖς
1337 330 1428 371 ζῴοις
1441 331 1545 363 κοινόν

277 383 366 422 ἐστιν,
397 383 413 416 ὁ
435 381 540 422 ὕπνος,
573 383 664 422 οὗτος
685 391 835 428 μαρτυρεῖ
855 391 920 422 τοῖς
941 385 1157 430 εἶρημὲνοισιν·
1181 386 1255 419 ὅταν
1276 389 1337 431 γὰρ
1359 386 1482 432 ἐπέλθῃ
1500 394 1546 432 τῷ

209 450 266 472 112
278 445 407 486 σώματι,
430 445 464 475 τὸ
488 442 567 486 αἷμα
590 445 736 487 ψυχεται·
761 446 850 489 φυσει
871 447 930 488 γὰρ
954 444 971 477 ὁ
989 443 1084 482 ὕπνος
1098 448 1232 490 πέφυκεν
1248 448 1370 491 ψυχειν·
1394 448 1548 492 ψυχθόντι

229 687 260 706 10

229 982 255 1007 15

277 503 311 534 δὲ
332 508 374 545 τῷ
397 501 503 546 αἵματι
526 504 718 546 νωθρότεραι
740 506 871 544 γίνονται
894 503 926 536 αἱ
948 505 1089 541 διέξοδοι.
1122 506 1218 549 δῆλον
1240 506 1288 538 δέ·
1312 505 1399 549 ῥέπει
1419 508 1459 539 τὰ
1480 508 1547 539 σώ-

276 573 362 604 ματα
384 563 439 594 καὶ
460 563 639 604 βαρύνεται·
663 565 763 595 πάντα
785 565 845 606 γὰρ
868 565 907 596 τὰ
930 565 1031 607 βάρεα
1049 566 1183 609 πέφυκεν
1198 564 1232 602 ἐς
1245 566 1360 607 βυσσὸν
1375 566 1544 610 φέρεσθαν

276 621 330 652 καὶ
351 622 390 652 τὰ
412 620 539 664 ὄμματα
563 622 750 664 συγκλῄεται
772 623 826 654 καὶ
847 621 867 666 ἡ
892 625 1041 667 φρόνησις
1064 622 1256 662 ἀλλοιοῦται,
1279 625 1367 662 δόξαι
1387 636 1420 657 τε
1441 624 1548 668 &apat

276 691 353 716 τινες
386 678 635 723 ἐνδιατρίβουσιν,
670 681 704 713 αἳ
734 682 773 726 δὴ
804 680 929 714 ἐνυπνια
955 684 1135 715 καλέονται·
1164 685 1256 716 πάλιν
1279 683 1310 716 ἐν
1332 689 1403 727 τῇσι
1423 685 1545 728 μέθηοι

277 739 407 775 πλέονος
429 738 574 783 ἐξαίφνης
595 742 760 783 γενομένου
782 745 836 773 τοῦ
860 740 993 784 αἵματος
1015 744 1254 785 μεταπίπτουσιν
1277 741 1310 775 αἱ
1325 744 1424 787 ψυχαὶ
1435 744 1492 776 καὶ
1504 744 1547 776 τὰ.

277 796 307 829 ἐν
330 803 398 840 τῇσι
421 800 538 841 ψυχῄσι
561 801 747 842 φρονήματα
769 801 823 832 καὶ
844 802 977 841 γίνονται
998 806 1056 833 τῶν
1079 803 1134 844 μὲν
1156 804 1332 844 παρεόντων
1353 807 1459 835 κακῶν
1476 801 1545 836 ὃτι-

277 857 442 899 λήσμονες,
464 863 522 889 τῶν
545 858 579 890 δὲ
602 859 775 901 μελλόντων
799 858 929 900 ἀγαθῶν
952 858 1121 897 εὐέλπιδες.
1150 860 1256 904 ἔχοιμι
1278 860 1345 893 δ’ἂν
1359 861 1467 894 πολλὰ
1479 872 1546 895 τοι·

278 920 357 947 αὔτα
380 914 483 954 εἰπεῖν,
507 915 537 948 ἐν
560 915 637 949 οἷσιν
660 916 693 949 αἱ
714 922 768 950 τοῦ
792 917 926 961 αἵματος
948 918 1121 960 ἐξαλλαγαὶ
1142 922 1196 964 τὴν
1219 922 1365 964 φρόνησιν
1386 919 1547 958 ἐξαλλάσ-

278 985 392 1006 σουσιν.
428 974 465 1018 ἢν
495 977 548 1018 μὲν
572 974 624 1008 οὖν
647 978 807 1013 παντελῶς
830 976 913 1009 ἅπαν
936 977 1148 1022 ἀναταραχθῇ
1171 980 1205 1011 τὸ
1229 978 1320 1022 αἷμα,
1342 980 1502 1018 παντελῶς
1521 977 1544 1024 ἡ

278 1036 424 1077 φρόνησις
446 1033 667 1071 ἐξαπόλλυται·
691 1038 730 1068 τὰ
751 1038 811 1079 γὰρ
833 1039 1014 1081 μαθήματα
1035 1039 1091 1070 καὶ
1111 1040 1150 1070 τὰ
1174 1037 1433 1082 ἀναγνωρίσματα
1454 1037 1546 1072 ἐθίσ-

277 1095 362 1135 ματόι
393 1091 485 1125 ἐστιν·
518 1093 590 1126 ὅταν
619 1093 671 1126 οὖν
699 1094 735 1127 ἐκ
756 1100 809 1127 τοῦ
833 1094 984 1133 εἰωθότος
1005 1096 1099 1134 ἔθεος
1121 1100 1346 1140 μεταστέωμεν,
1370 1096 1546 1131 ἀπόλλυται

277 1149 348 1194 ἡμῖν
371 1150 390 1194 ἡ
415 1154 572 1195 φρόνησις.
606 1155 686 1197 φημὶ
713 1154 747 1186 δὲ
768 1156 821 1198 τὴν
845 1153 911 1198 ἱρὴν
933 1160 1043 1188 νοῦσον
1066 1154 1126 1187 ὧδε
1148 1158 1303 1197 γίνεσθαι·
1327 1155 1400 1189 ὅταν
1421 1161 1545 1200 πνεῦμα

278 1211 357 1242 πολὺ
384 1213 467 1242 κατὰ
493 1217 553 1243 πᾶν
575 1213 610 1244 τὸ
632 1218 725 1256 σῶμα
746 1215 837 1246 παντὶ
857 1220 899 1256 τῷ
923 1213 1030 1258 αἵματι
1051 1216 1183 1259 μειχθῇ,
1206 1216 1312 1248 πολλὰ
1333 1214 1546 1260 ἐμφράτματα

380 1349 389 1367 1
410 1342 426 1378 ἢ
444 1340 472 1368 τὸ
492 1342 516 1367 Α
538 1343 569 1379 ἢν
590 1342 619 1369 τὸ
642 1342 670 1368 Μ
693 1342 722 1370 ἂν
743 1344 759 1381 ἢ
783 1343 812 1371 τὸ
830 1343 853 1370 R
874 1345 903 1370 si
917 1344 963 1371 hic
979 1346 1072 1378 agitur
1085 1347 1204 1379 sanguis
1222 1345 1270 1372 1³51.
1362 1346 1405 1384 ἠγ.
1421 1345 1450 1374 δὲ
1467 1345 1542 1384 &pap-

277 1389 362 1428 μηδενὶ
380 1390 442 1418 εἶναι
460 1392 536 1429 μηδὲν
554 1392 619 1419 ἀλλο
637 1397 688 1420 τῶν
706 1394 732 1420 ἐν
748 1404 770 1421 τ.
789 1404 812 1422 σ.
831 1394 852 1429 ξ.
871 1395 928 1422 ἀλλ’
947 1396 963 1433 ἢ
982 1395 1011 1422 τὸ
1029 1394 1092 1433 αἷμα
1109 1396 1214 1431 scripsit
1232 1396 1371 1423 Reinhold
1439 1405 1454 1424 2
1472 1395 1500 1424 δί
1511 1395 1542 1423 M

276 1441 320 1478 μὲν
332 1449 386 1468 om.
399 1442 428 1468 M
440 1443 592 1470 καθεστεῶτι
602 1443 626 1469 Α
635 1444 802 1481 καθεστηκότι
811 1446 920 1483 σχήματι
930 1445 958 1472 Μ
969 1446 1029 1483 μένῃ
1043 1454 1099 1472 om.
1113 1446 1150 1478 M,
1163 1447 1243 1482 praeb.
1256 1447 1306 1473 AR
1319 1447 1505 1485 ἐτεροιουμένου
1513 1445 1542 1474 Α

276 1492 475 1526 ἐξαλλάσσοντος
493 1493 522 1519 Μ
610 1501 621 1527 3
642 1495 784 1531 μεταπίπτει
801 1494 841 1522 καὶ
858 1495 938 1522 AMR
957 1496 1107 1531 ἐξαλλάσσει
1127 1497 1154 1525 δὲ
1172 1506 1184 1523 r
1260 1497 1289 1525 τὸ
1307 1498 1427 1536 φρόνημα
1443 1496 1473 1524 M

275 1542 398 1569 ταῦθ’ὦῧε
416 1543 444 1568 Μ
461 1543 533 1570 ταῦθ’
553 1543 634 1575 οὕτως
651 1544 676 1570 H
761 1552 778 1578 4
796 1546 884 1573 ἅπασιν
903 1546 991 1584 ζῴοισι
1008 1547 1037 1573 Μ
1125 1554 1136 1581 5
1156 1548 1215 1581 1215-52
1232 1548 1310 1574 vertit
1328 1547 1376 1574 Fil.
1445 1556 1542 1586 μαρτυ-

276 1593 326 1629 ρέει
337 1593 362 1618 Α
376 1596 496 1631 μαρτυρεῖ
509 1594 536 1620 Μ
623 1597 701 1622 τοῖσιν
719 1595 871 1633 εἲρημένοισι
888 1597 917 1622 Μ
1011 1597 1028 1624 6
1045 1603 1107 1632 post
1126 1598 1224 1636 σώματι
1241 1598 1302 1624 add.
1320 1599 1420 1636 νόσημα
1435 1598 1494 1626 τότε
1510 1597 1541 1624 Μ

276 1650 338 1677 post
363 1644 467 1680 ψύχεται
489 1644 549 1670 add.
569 1645 597 1670 M
616 1644 671 1676 Fil.‚
690 1653 744 1671 om.
765 1646 787 1672 R
806 1646 880 1673 Lasc.
899 1647 971 1685 φύσει
989 1647 1037 1686 γὰρ
1055 1648 1159 1686 ψύχεται
1258 1649 1368 1686 πέφυκεν
1385 1648 1398 1676 ὁ
1416 1647 1493 1680 ὕπνος
1510 1648 1539 1675 Μ

276 1694 414 1730 ψυχθὲντος
432 1694 458 1721 δὲ
476 1697 519 1721 τοῦ
538 1694 643 1732 αἵματος
661 1695 689 1721 Μ
773 1704 789 1730 7
807 1703 870 1731 post
888 1697 954 1735 ῥέπει
971 1698 1032 1724 add.
1050 1698 1098 1736 γὰρ
1117 1698 1140 1724 R
1226 1699 1242 1725 8
1261 1698 1352 1736 βυσσὸν
1369 1698 1394 1725 A
1413 1697 1491 1735 βυθὸν
1508 1698 1539 1725 Μ

275 1751 291 1777 9
310 1745 460 1781 συγκλήεται
484 1745 520 1770 A¹
549 1746 702 1783 συγκλείεται
727 1746 789 1772 A'H
815 1748 897 1775 κέεται
918 1747 947 1774 Μ
974 1749 1064 1774 iacent
1084 1750 1126 1781 (=
1138 1750 1228 1782 κεῖται)
1254 1748 1300 1775 Pil.
1319 1749 1414 1776 καίεται
1430 1748 1455 1775 R
1472 1748 1540 1776 adu-

275 1797 383 1820 runtur
403 1794 478 1821 Lasc.
503 1795 610 1822 κλείεται
632 1796 704 1822 Serv.
724 1797 831 1824 κλείεται
847 1798 896 1824 uel
911 1799 1064 1836 συγκλείεται
1081 1799 1135 1825 Zw.
1153 1800 1181 1825 in
1199 1808 1282 1834 marg.
1368 1809 1396 1826 τε
1412 1799 1438 1826 Α
1454 1799 1486 1838 δὴ
1505 1799 1534 1826 Μ

275 1844 301 1871 δὲ
320 1844 342 1869 R
431 1852 460 1870 12
480 1844 519 1871 καὶ
542 1854 598 1872 om.
617 1846 645 1871 M
724 1848 867 1884 παρεόντων
884 1848 909 1874 Α
932 1849 1010 1875 ὄντων
1028 1849 1056 1875 Μ
1128 1857 1155 1882 13
1176 1849 1301 1881 εὐέλπιδες
1319 1849 1423 1888 ἀγαθῶν
1441 1849 1470 1876 Μ

278 1901 307 1925 14
326 1895 351 1920 ἐν
370 1903 423 1920 om.
443 1896 467 1921 A
486 1894 548 1922 οἶσιν
566 1896 590 1921 Α
609 1897 634 1923 ἐν
647 1895 685 1927 οἷς
698 1897 727 1923 Μ
740 1898 765 1924 ἐν
778 1896 840 1925 οἷσιν
852 1898 956 1933 scripsit
969 1898 1049 1925 Littre
1134 1900 1180 1937 τὴν
1198 1901 1318 1937 φρόνησιν
1335 1900 1385 1926 AR
1402 1901 1448 1938 τῂν
1465 1900 1539 1939 φύσιν

276 1944 303 1970 Μ
323 1955 360 1982 γρ.
380 1944 419 1972 καὶ
437 1946 482 1983 τὴν
501 1947 621 1983 φρόνησιν
639 1947 667 1972 Μ
686 1956 721 1973 ιη.
740 1956 777 1982 pr.
796 1948 823 1974 in
842 1957 926 1983 marg.
943 1952 1078 1975 naturam
1097 1949 1144 1976 Fil.
1162 1953 1279 1977 mentem
1297 1950 1371 1977 Lasc.
1461 1950 1538 1986 ἐξαλ-

275 1995 392 2022 λάσουσιν
410 1996 518 2022 codices
630 2004 656 2030 15
678 1998 742 2025 ἅπαν
759 1998 925 2036 ἀναταραχθῇ
941 1999 970 2026 τὸ
988 1998 1051 2038 αἷμα
1067 2001 1197 2031 παντελῶς
1216 2009 1270 2027 om.
1289 2001 1322 2033 A,
1340 2001 1421 2036 praeb.
1440 2001 1469 2028 M

279 2045 307 2072 16
326 2046 464 2083 μαθήματα
487 2047 567 2072 ΑΜΗ
590 2047 644 2074 Zw.
663 2048 689 2073 in
709 2056 792 2082 marg.
811 2049 948 2086 παθήματα
967 2049 990 2076 R
1079 2050 1111 2077 τὰ
1128 2057 1190 2077 ante
1209 2051 1417 2089 ἀναγνωρίσματα
1434 2059 1488 2078 om.
1507 2050 1536 2078 M

278 2103 305 2129 17
326 2095 368 2123 οὖν
386 2097 412 2123 ἐκ
431 2099 473 2123 τοῦ
492 2098 516 2123 Α
534 2097 583 2124 δ’ἐκ
603 2101 645 2125 :05
665 2098 692 2124 M
711 2099 736 2126 δὲ
755 2102 798 2126 τοῦ
816 2100 839 2125 R
926 2104 1087 2138 μεταστῶμεν
1105 2102 1129 2127 Α
1148 2102 1322 2139 μεταστέωμεν
1340 2102 1369 2128 Μ
1456 2102 1536 2130 ἀπόλ-

274 2146 346 2173 λυται
364 2147 387 2172 Α
406 2147 541 2184 ἀναιρεῖται
559 2148 586 2174 Μ
671 2149 701 2175 18
719 2156 781 2184 post
799 2151 921 2187 φρόνησις
938 2151 999 2177 add.
1017 2151 1050 2185 A,
1069 2160 1116 2178 om
1134 2152 1163 2178 M
1181 2156 1236 2183 πῶς
1254 2153 1344 2190 γίνεται
1361 2151 1416 2191 ἱερὰ
1434 2155 1535 2185 νοῦσοςς

276 2195 343 2234 ἱερὴν
362 2197 469 2223 codices
546 2201 640 2236 πνεῦμα
658 2199 721 2227 πολὺ
739 2201 763 2226 Α
781 2199 845 2228 πολὺ
863 2203 958 2238 πνεῦμα
976 2201 1004 2227 Μ
