1598 2592
1205 62 1243 92 4⁷

127 130 218 170 Uber
250 138 324 169 eod.
350 137 465 169 Ambr.
489 137 516 170 C
539 138 576 177 85
602 137 680 179 Sup.
704 137 762 169 hat
784 134 934 170 ILBERG¹
961 138 1063 170 sehon
1087 138 1286 170 ausffihrlich

27 187 214 230 gehandelt.
267 188 320 219 Da
342 188 432 219 dicse
454 199 514 219 aus
541 189 617 219 dem
643 195 690 228 15.
707 188 926 229 Jahrhundert
948 189 1153 220 stammende
1177 189 1287 220 Hand-

26 238 149 277 schrist,
173 238 233 270 wie
261 235 457 270 GOMPERZ¹
479 239 537 270 mit
559 239 666 270 Recht
688 249 928 280 angenommen
950 239 1016 277 hat,
1040 250 1100 270 nur
1121 240 1194 271 eine
1216 239 1286 271 Ab·

26 289 138 320 schrift
168 289 228 320 des
254 289 439 320 Marcianus
466 289 517 326 ist,
540 289 651 320 wiirde
673 289 743 321 sich
765 290 922 321 natiirlich
944 290 1017 321 eine
1038 289 1205 322 Kollation
1229 291 1289 322 der

27 339 242 371 Handschrift
264 339 350 370 ohne
372 339 502 371 Nutzen
524 340 688 371 erweisen.

119 397 200 429 Cod.
221 397 338 430 Ambr.
351 398 377 429 B
397 406 453 437 113
470 397 561 438 Sup.,
577 398 636 429 der
649 399 681 429 in
697 398 774 429 dem
788 409 894 430 neuen
909 398 1055 440 Katalog
1069 399 1130 430 das
1148 398 1286 440 Signum

29 455 88 488 134
109 451 204 490 trigt,
228 449 270 479 ist
284 459 350 479 von
365 445 666 480 ΜΑιζΤΙΝΙ-ΒΑεει8
682 449 899 489 ersch6pfend
914 449 1128 481 beschrieben
1142 450 1285 481 worden.

25 499 61 530 In
99 498 222 530 betreff
250 498 311 530 des
345 504 446 530 etwas
478 499 602 530 bunten
635 499 758 530 Inhalts
790 499 848 531 der
880 499 1092 531 Handschrist
1130 501 1286 532 verweise

25 549 77 580 ich
100 548 159 580 aus
175 548 229 580 die
251 549 491 580 ausstihrlichen
514 549 680 590 Angaben
702 550 809 581 dieser
831 549 1016 581 Gelehrten.
1057 550 1112 582 Sie
1134 551 1207 582 sind
1228 551 1286 582 der

24 599 193 640 Meinung,
226 599 280 630 die
312 599 526 631 Handschrist
547 605 686 632 stamme
710 610 769 631 aus
791 600 866 632 dem
890 600 1024 641 Ansang
1046 601 1105 632 des
1131 610 1178 640 14.
1199 601 1285 642 Jahr-

24 650 190 681 hunderts.
235 649 292 681 Ich
324 650 410 681 habe
443 651 508 681 den
542 650 612 681 hier
634 651 666 681 in
688 650 842 682 Betracht
865 651 1084 682 kommenden
1106 652 1286 683 Abschnitt

24 699 94 732 Fol.
121 700 241 738 181““‘',
275 700 413 732 welcher
445 701 499 732 die
525 701 688 741 Exzerpte
721 700 763 733 ἐκ
795 706 857 733 τοῦ
893 703 975 744 περὶ
1007 702 1151 745 φὺσεων
1185 702 1228 744 ((1.
1251 702 1282 733 h.

24 750 303 795 φυσέωνωφυσῶν)
334 750 468 788 εῃὶὴέἰῒ,
490 761 599 792 genau
622 752 890 792 abgeschrieben.
941 752 1007 784 Um
1029 752 1093 783 den
1116 753 1286 794 kiinstigen

24 800 397 842 Hippokrateseditoren
420 802 510 833 diese
533 802 696 843 Exzerpte
718 802 852 833 leichter
874 802 1068 844 zugzinglich
1086 814 1124 834 zu
1139 803 1286 840 machen,

23 851 146 883 drucke
168 851 220 882 ich
242 852 289 883 sie
305 851 374 883 hier
383 851 528 883 wbrtlich
541 852 583 883 ab
598 852 669 894 (nur
684 853 742 884 mit
757 853 990 894 Berichtigung
1005 854 1128 894 einiger
1145 854 1286 886 Akzent-

23 902 91 933 und
124 901 262 934 auderet
287 902 531 943 geringsiigiger
563 903 872 944 orthographiseher
905 903 1044 945 Fehler).
1089 904 1145 935 Ich
1178 905 1286 936 werde

23 952 84 984 aus
111 952 176 984 den
209 952 457 984 textkritischen
491 953 586 984 Wert
620 953 728 985 dieser
749 953 907 995 Ausziige
930 955 974 985 im
996 955 1129 986 zweiten
1152 954 1288 996 Kapitel

24 1003 310 1035 zuriickkommen.

440 1120 503 1153 Ἐκ
524 1125 588 1153 τοῦ
610 1123 694 1164 περὶ
715 1124 868 1165 φυσὲων.

124 1210 182 1244 εἰσί
209 1224 286 1249 τινες
317 1218 374 1244 τῶν
406 1219 530 1256 τεχνῶν,
565 1214 599 1245 αἲ
628 1219 706 1245 τοῖσι
739 1216 792 1256 μὲν
814 1217 1014 1258 κεκτημένοις
1041 1213 1114 1247 εἰσὶν
1137 1214 1287 1253 ἐπίπονοί,

23 1267 101 1294 τοῖσι
123 1263 157 1294 δὲ
178 1265 395 1306 χρεωμένοισιν
418 1262 578 1307 ὠφέλιμοι,
601 1266 656 1295 καὶ
677 1269 754 1296 τοῖσι
777 1267 830 1307 μὲν
854 1265 1006 1308 δημότῃσι
1028 1267 1128 1297 κοινὸν
1153 1265 1286 1306 ἀγαθόν,

23 1318 101 1345 τοῖσι
133 1314 167 1345 δὲ
198 1316 511 1356 μεταχειριζομένοισί
543 1325 626 1358 σφας
658 1312 828 1357 λυπηρόνῆ
861 1321 918 1346 τῶν
952 1316 985 1347 δὲ
1008 1318 1150 1348 τοιοῦτων
1173 1322 1286 1360 τεχνῶν

23 1362 113 1400 ἐστίν,
142 1363 179 1406 ἣν
213 1362 242 1395 οἱ
267 1363 424 1407 οΈλληνες
459 1365 624 1396 καλέουσιν
660 1363 809 1408 ἰατρικήν.
847 1364 863 1397 ὁ
903 1368 957 1408 μὲν
994 1368 1053 1408 γὰρ
1090 1365 1195 1409 ἰατρὸς
1226 1366 1285 1409 ὁρᾷ

24 1425 55 1445 τε
83 1414 178 1451 δεινά,
201 1415 339 1454 θιγγάνει
356 1413 485 1457 ἀηδέων,
498 1414 544 1446 ἐπῗ
566 1414 747 1458 ἁλλοτρίῃσί
764 1427 795 1447 τε
810 1416 999 1459 Ευμφορῄσιν
1015 1415 1096 1453 ’ἰδίας
1111 1422 1287 1459 καρποῦται

24 1465 139 1500 λὺπας·
177 1462 206 1495 οἱ
238 1465 272 1496 δὲ
304 1469 464 1501 νοσοῦντες
497 1464 721 1508 ἀποτρέπονται
753 1466 805 1497 διὰ
837 1469 890 1510 τὴν
923 1469 1031 1510 τέχνην
1058 1473 1115 1499 τῶν
1137 1470 1287 1510 μεγίστων

23 1519 139 1552 κακῶν,
172 1515 288 1547 νοῦσων
314 1515 416 1558 λὺπης
438 1518 536 1547 πόνων
559 1517 712 1548 θανάτου·
749 1522 824 1548 πᾶσι
855 1518 914 1559 γὰρ
945 1518 1064 1554 τοὺτοις
1095 1516 1286 1561 ἀνθέστηκεν

24 1563 44 1608 ἡ
75 1563 208 1608 ἰατρική.
245 1566 359 1608 ταὺτης
389 1566 423 1597 δὲ
445 1571 500 1609 τῆς
522 1568 633 1609 τέχνης
654 1568 693 1598 τὰ
716 1568 769 1608 μὲν
793 1568 919 1610 φλαῦρα
940 1568 1080 1610 χαλεπὸν
1103 1574 1223 1608 γνῶναι,
1246 1571 1285 1600 τὰ

24 1615 58 1647 δὲ
81 1616 237 1647 σπουδαῖα
259 1614 385 1658 ῥηίδιον,
407 1618 462 1648 καὶ
477 1618 515 1648 τὰ
529 1618 582 1659 μὲν
602 1618 728 1660 φλαῦρα
743 1622 806 1653 τοῖς
820 1616 937 1660 ἰατροῖς
954 1621 1058 1660 μόνοις
1073 1618 1152 1651 ἔστιν
1173 1618 1287 1651 εἰδέναι

24 1667 78 1698 καὶ
100 1664 136 1698 οὔ
158 1671 236 1698 τοῖσι
258 1667 422 1709 δημότῃσι·
448 1664 484 1698 οὗ
506 1669 565 1709 γὰρ
589 1669 743 1710 σώματος,
768 1666 852 1700 ἀλλὰ
873 1670 997 1711 γνώμης
1015 1667 1092 1701 ἐστὶν
1116 1669 1201 1712 ἔργα.

468 1817 557 1860 Περὶ
582 1821 837 1861 χειρουργίας.

125 1907 185 1940 ὅσα
217 1911 270 1952 μὲν
298 1911 357 1952 γὰρ
390 1912 453 1953 χρὴ
486 1915 718 1954 χειρουργῆσαι,
741 1911 961 1955 Εσνεθισθῆναι
984 1913 1042 1944 δεῖ·
1067 1914 1100 1945 τὸ
1124 1915 1183 1956 γὰρ
1206 1914 1285 1950 ἔθος

23 1963 92 2001 τῇσι
113 1961 204 2002 χερσὶ
224 1960 391 1992 κάλλιστον
414 1961 615 1992 διδασκάλων
637 1963 759 2002 γίνεται.

125 2054 133 2070 ¹
151 2054 181 2081 In
198 2055 259 2082 dem
278 2063 363 2082 neuen
381 2056 496 2091 Katalog
513 2064 566 2082 von
586 2056 612 2082 E.
633 2056 762 2083 ΜΛκτικι
784 2058 836 2084 und
850 2058 882 2085 D.
897 2058 1143 2094 BAss1(Cataiogus
1157 2060 1282 2086 codicum

23 2095 188 2123 Graecorum
214 2097 395 2124 Bibliothecae
421 2098 622 2125 Ambrosianae.
657 2098 800 2126 Mediolani
822 2100 962 2134 1906)mi1
980 2100 1026 2127 Nr.
1052 2101 1096 2136 187
1115 2101 1281 2133 bezeichnen

24 2138 76 2172 Vgl.
94 2137 135 2196 ss*-
151 2138 244 2207 ἷῖῗιὶείἑ.
262 2181 330 2208 Mus.
350 2181 420 2208 XLII
438 2182 540 2216 (1887),
558 2182 597 2209 Ss.
615 2189 666 2216 450
684 2181 701 2209 f.

123 2221 134 2238 ⁸
151 2221 210 2257 Vgl.
228 2222 268 2249 Ss.
289 2230 428 2257 147—151.

123 2264 134 2279 ⁴
150 2264 258 2301 λυπερόν
275 2264 318 2291 die
336 2264 512 2292 Handschrift.
