1598 2592
309 70 348 96 24
1579 0 1598 120 ι

264 150 322 177 τῶν
343 150 470 189 φρενῶν.
508 145 560 176 διὰ
581 146 609 176 τί
631 144 664 176 δὲ
687 144 802 187 δήποτε
823 144 858 176 τὸ
881 141 982 186 ῥεῦμα
1004 140 1231 186 ἀναῤῥήγνυται
1251 141 1287 173 τὸ
1310 141 1366 184 μὲν
1389 137 1538 183 abespu-
1588 121 1598 220 Ξ

199 205 256 236 108
265 215 326 242 τον,
349 205 383 236 τὸ
406 204 440 236 δὲ
462 204 514 236 διὰ
536 205 664 240 πόνους;
688 201 862 246 αὐτόματον
884 204 939 245 μὲν
958 199 1022 239 οὖν,
1038 200 1111 234 ὅταν
1127 197 1304 243 αὐτόματος
1319 198 1337 232 ὁ
1353 197 1416 244 ἀὴρ
1428 197 1535 232 &lm
1595 221 1598 231 Α

266 262 299 300 ἐς
329 265 386 300 τὰς
417 263 536 307 φλέβας
569 263 774 305 στενοχωρίην
803 263 920 304 ποιήσῃ
941 265 1011 303 τῇσι
1032 264 1086 292 τοῦ
1109 258 1243 303 αἵματος
1265 258 1441 295 διεξόδοισι·
1462 258 1535 291 τότε

266 323 326 365 γὰρ
349 322 544 364 πιεζεὺμενον
565 322 600 353 τὸ
624 319 703 364 αἷμα
725 321 805 353 πολὺ
828 323 990 363 γενόμενον
1009 317 1212 362 ἆναῤῥηγνὺει
1229 318 1302 354 τοὺς
1316 319 1444 361 πόρους,
1457 314 1535 360 ‘ab
1590 310 1598 371 L

236 391 246 417 5
268 381 405 424 μάλιστα
427 382 533 423 βρίσῃ·
557 379 627 412 ὅσοι
649 380 683 412 δὲ
705 379 758 412 διὰ
779 381 878 412 πόνων
900 379 1028 422 πλῆθος
1049 376 1287 421 ᾐμοῤῥάγησαν,
1302 376 1491 414 καὶτουτοις
1502 366 1536 409 οἱ

266 442 354 472 πόνοι
375 440 550 483 πνευματος
571 438 743 482 ἐνέπλησαν
765 440 822 474 τὰς
844 438 977 482 φλέβας·
1002 436 1123 480 ἀνάγκη
1138 438 1198 479 γὰρ
1213 437 1264 468 τὸν
1279 436 1536 471 πονέοντασόεον
1595 451 1598 458 ·

266 500 408 542 κατέχειν
430 500 465 530 τὸ
486 502 618 540 πνεῦμα.
650 499 689 529 τὰ
711 493 828 529 δ’ἄλλα
849 501 914 533 τοῖς
935 494 1108 539 εἰρημένοις
1130 494 1225 538 ὅμοια
1246 497 1371 536 γίνεται.

372 565 418 588 11.
462 558 501 588 τὰ
523 557 557 588 δὲ
580 554 725 599 ῥήγματα
747 558 847 587 πάντα
869 557 982 596 γίνεται
1004 555 1056 587 διὰ
1077 555 1162 587 τόδε·
1193 553 1266 586 ὅταν
1288 551 1349 586 ὑπὸ
1371 554 1443 597 βίης
1462 553 1537 586 δια.-

268 618 392 647 στέωσιν
415 613 448 647 αἱ
470 617 586 658 σάρκες
609 614 662 647 ἀπ’
687 613 844 657 ἀλλήλων,
867 612 901 650 ἐς
923 614 957 646 δὲ
974 615 1028 658 τὴν
1043 613 1203 645 διάστασιν
1218 610 1387 656 ὃποδράμῃ
1401 616 1536 656 πνεῦμα,

222 684 252 703 10
269 679 357 706 τοῦτο
380 676 430 706 τὸν
453 676 544 706 πόνον
567 676 709 717 παρέχει.

373 741 419 764 12.
463 732 499 776 ἢν
523 733 556 765 δὲ
579 733 632 765 διὰ
653 738 710 764 τῶν
733 737 857 774 σαρκῶν
887 730 919 763 αἱ
941 736 1038 776 φῦσαι
1059 731 1226 768 διεξιοῦσαι
1247 731 1320 767 τοὺς
1341 732 1459 773 πόρους
1479 734 1536 763 τοῦ

268 794 413 834 σώματος
441 790 571 834 ἀραιοὺς
598 794 750 829 ποιέωσιν,
773 789 804 822 ἐν
827 791 861 823 δὲ
883 796 953 833 τῇσι
975 791 1105 835 φὺσῃσιν
1127 788 1260 833 ὑγρασίη
1286 788 1381 832 <ᾔ>,
1402 794 1460 833 τῆς
1479 790 1537 834 τὴν

269 850 340 883 ὁδὸν
363 849 380 883 ὁ
403 850 464 895 ἀὴρ
487 849 705 893 ὑπειργάσατο,
729 851 901 893 διαβρόχου
924 850 958 882 δὲ
979 851 1144 892 γενομένου
1159 853 1213 881 τοῦ
1229 851 1385 892 σώματος,
1400 845 1538 892 ὑποπτή-

268 921 381 942 κωνται
406 912 461 953 μὲν
485 908 517 941 αἱ
539 912 665 952 σάρκες,
693 908 849 952 οἰδήματα
877 907 940 945 δ’ἐς
961 910 1018 945 τὰς
1039 911 1163 952 κνήμας
1184 909 1371 951 καταβαίνῃ,
1391 908 1538 940 καλεῖται

222 978 247 1004 ¹5
269 969 308 1012 δὴ
338 970 373 1000 τὸ
399 971 522 1012 νόσημα
548 970 582 1000 τὸ
604 972 740 1000 τοιοῦτον
763 965 879 1011 ὖδρωψ.
914 970 1054 1011 μέγιστον
1077 968 1111 999 δὲ
1133 972 1271 1011 σημεῖον,
1295 965 1341 999 ὅτι
1362 970 1459 1011 φῦσαι
1479 970 1537 999 τοῦ

269 1029 446 1070 νοσήματός
476 1025 549 1058 εἰσιν
578 1026 682 1064 αἴτιαι,
705 1026 768 1059 τόδ’
792 1025 881 1058 ἐστίν.
914 1025 976 1070 ἤδη
998 1028 1076 1063 τινὲς
1099 1024 1253 1069 ὀλεθρίως
1274 1025 1400 1070 ἔχοντες
1420 1023 1538 1059 ἄκλυσ-

270 1088 375 1129 θησαν
403 1087 458 1118 καὶ
479 1084 679 1129 ἐκενώθησαν
701 1090 755 1117 τοῦ
778 1082 904 1122 ὕδατος·
937 1087 1116 1128 παραυτίκα
1138 1087 1193 1128 μὲν
1217 1083 1269 1117 οὖν
1291 1086 1326 1118 τὸ
1349 1083 1477 1122 ἐξελθὸν
1498 1082 1538 1117 ἐκ

270 1150 325 1187 τῆς
347 1146 469 1188 κοιλίης
490 1142 572 1187 ὕδωρ
595 1145 675 1176 πολὺ
699 1147 848 1188 φαίνεται,
874 1146 1092 1188 χρονιζόμενον
1115 1145 1149 1176 δὲ
1171 1144 1306 1176 ἔλασσον
1321 1146 1445 1185 γίνεται.
1477 1143 1518 1187 δὴ

271 1205 326 1236 λον
348 1201 412 1241 οὖν,
436 1202 481 1235 ὅτι
502 1205 681 1246 παραυτίκα
703 1206 758 1246 μὲν
780 1205 814 1235 τὸ
837 1200 919 1246 ὕδωρ
941 1202 1036 1247 ἠέρος
1057 1204 1176 1247 πλῆρές
1190 1202 1283 1235 ἐστιν·
1304 1201 1321 1235 ὁ
1335 1202 1428 1247 δ’ἆὴρ
1443 1201 1538 1244 ὄγκον

222 1271 255 1291 20
272 1265 403 1306 παρέχει
426 1265 535 1306 μέγαν·
567 1261 711 1299 ἀπιόντος
733 1263 767 1294 δὲ
789 1267 842 1294 τοῦ
865 1263 1040 1305 πνευματος
1062 1260 1261 1294 ὑπολείπεται
1281 1263 1316 1294 τὸ
1338 1259 1422 1305 ὕδωρ
1444 1259 1536 1294 αὐτό·

272 1321 318 1353 διὸ
352 1322 390 1364 δὴ
420 1323 560 1365 φαίνεται
581 1323 636 1364 μὲν
659 1321 805 1359 ἔλασσον,
828 1320 907 1353 ἐστὶν
930 1321 963 1353 δὲ
985 1320 1062 1353 ἴσον.
1103 1321 1184 1353 ἄλλο
1207 1321 1241 1353 δὲ
1264 1319 1363 1353 αὐτῶν
1385 1321 1456 1354 τόδε
1477 1330 1538 1364 ση-

376 1408 386 1427 1
407 1401 468 1428 διότι
484 1401 576 1438 δήποτε
594 1401 622 1427 Μ
639 1399 702 1428 διατὶ
720 1401 774 1427 Zw.
787 1400 814 1427 in
827 1409 911 1435 marg.
980 1407 1042 1435 post
1054 1400 1133 1438 ῥεῦμα
1145 1400 1206 1427 add.
1218 1400 1247 1428 τὸ
1259 1400 1317 1428 ἄνευ
1328 1398 1539 1438 πνιύμποςᾶνα·

274 1451 426 1488 ρηγνύμενον
444 1451 472 1477 Μ
541 1458 555 1477 2
574 1450 698 1478 εἰσελθὼν
716 1451 744 1477 Μ
815 1458 827 1485 3
846 1452 905 1488 τῇσι
923 1459 978 1477 οῐῃ.
997 1451 1031 1483 Α,
1048 1451 1130 1486 praeb.
1148 1451 1177 1477 M
1244 1458 1263 1483 4
1279 1451 1407 1489 γινόμενον
1423 1449 1451 1477 A
1467 1450 1539 1488 γινό-

274 1511 346 1538 μενον
356 1501 384 1527 Μ
451 1509 461 1535 5
478 1501 532 1528 ὅσοι
540 1501 566 1528 δὲ
575 1501 614 1528 διὰ
623 1502 706 1529 πόνων
714 1501 815 1538 πλῆθος
824 1501 850 1527 A
859 1501 949 1528 ὁκόταν
957 1501 984 1529 ’δὲ
993 1501 1094 1539 πλῆθος
1103 1500 1294 1539 αἱμορραγῆσαν
1303 1501 1332 1528 Μ
1377 1500 1499 1528 τοὰουισιν
1507 1499 1538 1528 M

274 1552 290 1577 6
307 1552 380 1589 πόροι
396 1551 421 1577 Α
438 1552 508 1579 πόνοι
525 1551 554 1577 Μ
626 1551 765 1589 πνεύματος
783 1560 838 1579 om.
858 1552 886 1578 M
903 1552 931 1578 in
949 1558 1030 1583 textu,
1048 1552 1109 1578 add.
1127 1552 1155 1578 in
1173 1560 1257 1587 marg.
1330 1551 1406 1579 τόπον
1422 1551 1496 1579 im
1511 1550 1538 1578 A

274 1603 289 1638 ἢ
309 1601 352 1628 τὸν
368 1602 487 1629 πονέοντα
505 1602 540 1627 A’
558 1602 585 1628 in
603 1610 687 1636 marg.
705 1601 748 1629 τὸν
765 1603 883 1630 πονέοντα
900 1603 976 1630 τόπον
993 1602 1022 1628 Μ
1107 1610 1122 1636 7
1141 1601 1224 1630 τᾶλλα
1242 1602 1270 1628 Μ
1338 1604 1418 1629 τοῖσιν
1433 1601 1540 1639 εἰρημέ-

275 1662 348 1679 νοισιν
366 1651 395 1678 Μ
480 1652 586 1689 γίγνεται
603 1652 631 1678 Μ
725 1653 741 1678 8
759 1652 798 1679 διὰ
815 1653 874 1679 τάδε
891 1652 920 1679 Μ
938 1653 1028 1680 ὁκόταν
1040 1652 1069 1679 Μ
1154 1652 1286 1680 διαστῶσιν
1303 1651 1329 1678 A
1346 1651 1492 1679 διαστέωσιν
1508 1650 1538 1678 M

274 1709 290 1735 9
310 1702 402 1739 φλέβες
420 1702 444 1728 Α
463 1703 554 1739 σάρκες
572 1702 600 1728 Μ
694 1702 829 1739 ἀλληλέων
846 1703 899 1729 AM
919 1703 1041 1740 ἀλλήλων
1059 1703 1082 1729 R
1179 1709 1210 1729 10
1226 1705 1300 1730 τοῦτο
1317 1702 1356 1729 Ar
1372 1701 1449 1728 illud
1462 1700 1539 1728 Lasc-

275 1755 362 1779 τοῦτον
385 1752 427 1778 Mr
447 1752 522 1778 hunc
538 1752 584 1778 Fil.
685 1759 714 1779 12
732 1754 847 1780 ποιέωσιν
863 1754 888 1779 A
906 1755 1042 1791 ποιήσωσιν
1060 1753 1114 1780 MR
1209 1753 1235 1779 ἐν
1252 1753 1279 1780 δὲ
1295 1752 1322 1779 A
1339 1753 1422 1780 ἕπεται
1437 1752 1465 1780 δὲ
1483 1751 1538 1779 MR

276 1819 358 1846 ἕπεται
381 1819 422 1846 ’δὲ
446 1819 527 1845 Merc.
546 1820 572 1845 in
590 1826 661 1845 textu
686 1819 765 1850 ’Ξσῶς
794 1820 848 1846 Vct.
870 1820 932 1846 Cod.
956 1820 1038 1846 Merc.
1055 1820 1083 1846 in
1101 1828 1186 1854 marg.
1205 1797 1292 1857 φύσεῃσι
1310 1819 1339 1846 Μ
1358 1819 1464 1857 ὓγρασίη
1481 1822 1541 1856 τῆσι

275 1869 349 1902 (τοῖσι
371 1869 418 1902 A’)
439 1870 462 1895 A
493 1869 596 1906 ὺγρασίη
615 1871 670 1907 ἥτις
688 1870 742 1896 ΜΗ
762 1869 867 1907 ὑγρασίη
889 1868 966 1907 <ἧ>
987 1874 1034 1907 τῆς
1055 1870 1161 1897 conieci
1184 1870 1289 1908 ὐγρασίη
1315 1872 1348 1908 ἧς
1374 1870 1397 1896 R
1424 1868 1441 1906 ᾗ
1463 1869 1539 1897 Serv.

280 1927 307 1953 ¹3
332 1919 486 1957 ὑπεργάσατο
514 1919 538 1944 Α
565 1920 721 1957 ἀπεργάσαιτο
748 1920 784 1946 A'
811 1920 975 1958 ὑπειργάσατο
998 1920 1027 1947 Μ
1050 1920 1215 1958 ἀπειργάσατο
1234 1920 1257 1947 R
1279 1921 1495 1958 προαπειργάσατο
1513 1919 1538 1946 Η

277 1971 395 1996 coercuit
412 1969 459 1995 Fil.
477 1971 570 2002 aperit
586 1969 659 1996 Lasc.
730 1970 906 2007 ὺπεκτήκονται
923 1971 1044 2002 codices:
1063 1971 1166 1997 correxi
1237 1978 1268 2003 14
1285 1971 1311 1998 δὲ
1325 1971 1352 2002 ἐς
1364 1971 1393 1997 Μ
1461 1980 1540 1998 κατα·

279 2020 348 2056 βαινη
368 2020 392 2045 Α
411 2020 551 2056 καταβαίνει
569 2020 596 2046 Μ
674 2021 787 2047 καλεῖται
804 2021 830 2048 δὲ
848 2021 871 2047 A
890 2021 920 2058 ’ὀὴ
939 2021 1031 2056 scripsi
1106 2020 1147 2048 καὶ
1163 2022 1263 2059 λέγεται
1279 2021 1308 2048 τὸ
1325 2024 1422 2048 τοιοῦτο
1440 2021 1540 2058 νόσημα

278 2070 364 2107 ὖῆρωψ
384 2070 411 2095 Μ
491 2070 520 2096 16
538 2071 698 2107 ἐκλόσῦησαν
715 2071 783 2097 AMr
800 2071 943 2108 ἐκλύθησαν
960 2080 973 2097 r
989 2073 1067 2109 ἤγουν
1083 2071 1248 2109 ἠντλήθησαν
1265 2072 1302 2098 A⁴
1313 2072 1341 2098 in
1353 2080 1438 2106 marg.
1455 2082 1495 2110 γρ.
1513 2071 1541 2098 ἐν

278 2120 342 2147 ἀλλο
360 2121 510 2157 ἐκαύθησαν,
528 2123 653 2157 πανταχοῦ
671 2121 697 2148 δὲ
715 2121 743 2148 τὸ
762 2120 802 2148 καὶ
815 2122 966 2159 ἐκενόθησαν
978 2122 1015 2148 A⁶
1027 2122 1054 2148 in
1067 2130 1152 2156 marg.
1225 2130 1254 2156 17
1272 2121 1316 2149 οὖν
1327 2130 1382 2149 om.
1395 2122 1424 2148 M
1437 2121 1539 2156 ἐξιὸνΜ

282 2171 311 2196 18
330 2171 424 2201 κοιλίας
443 2171 467 2196 Α
486 2171 582 2207 κοιλίης
600 2171 628 2196 Μ
697 2171 774 2198 πολὺν
792 2172 820 2198 Μ
889 2172 966 2209 δῆλον
978 2171 1021 2199 οὖν
1033 2172 1058 2198 A
1070 2172 1109 2199 διὰ
1121 2172 1145 2199 τί
1156 2171 1200 2199 οὖν
1212 2173 1317 2210 γίγνεται
1329 2171 1451 2200 καὶτοῦτο
1461 2172 1540 2209 δῆλον

279 2221 332 2247 MR
351 2221 411 2247 διότι
422 2221 494 2247 Serv.
567 2229 596 2255 19
613 2221 639 2248 δὲ
652 2222 702 2259 ἀὴρ
715 2222 743 2248 M
812 2229 845 2248 20
861 2223 963 2259 παρέχει
976 2223 1038 2260 μέγα
1051 2223 1075 2248 A
1087 2223 1221 2259 παρέχεται
1233 2224 1310 2261 με’-[αν
1321 2223 1350 2249 Μ
1419 2230 1448 2249 21
1463 2223 1539 2250 ἔλασ-

280 2282 322 2299 σον
335 2271 358 2297 Α
378 2271 464 2308 μικρὸν
483 2272 522 2298 ἐόν
541 2271 568 2297 Μ
638 2273 688 2299 ἔστι
707 2272 735 2298 Μ
804 2272 868 2299 ἀλλο
886 2273 912 2300 δὲ
930 2272 1025 2300 αὐτέων
1041 2273 1134 2306 (αὐτῶν
1152 2273 1185 2307 R)
1202 2273 1250 2299 AR
1269 2273 1343 2301 ᾰλλῖ
1361 2273 1390 2300 δι’
1404 2273 1499 2301 ἑαυτῶν
1510 2273 1539 2300 Μ
