<?xml version="1.0" encoding="UTF-8"?>
<!DOCTYPE html PUBLIC "-//W3C//DTD XHTML 1.0 Transitional//EN"
    "http://www.w3.org/TR/xhtml1/DTD/xhtml1-transitional.dtd">
<html xmlns="http://www.w3.org/1999/xhtml" xml:lang="en" lang="en">
 <head>
  <title>
</title>
<meta http-equiv="Content-Type" content="text/html;charset=utf-8" />
  <meta name='ocr-system' content='tesseract 3.04.00' />
  <meta name='ocr-capabilities' content='ocr_page ocr_carea ocr_par ocr_line ocrx_word'/>
</head>
<body>
  <div class='ocr_page' id='page_1' title='image "./diehippokratisch00nelsuoft_0058.png"; bbox 0 0 1598 2592; ppageno 0'>
   <div class='ocr_carea' id='block_1_1' title="bbox 685 135 1198 180">
    <p class='ocr_par' dir='ltr' id='par_1_1' title="bbox 685 135 1198 180">
     <span class='ocr_line' id='line_1_1' title="bbox 685 135 1198 180; baseline 0 -12"><span class='ocrx_word' id='word_1_1' title='bbox 685 135 776 179; x_wconf 83' lang='grc' dir='ltr'>Περὶ</span> <span class='ocrx_word' id='word_1_2' title='bbox 798 135 946 180; x_wconf 80' lang='grc' dir='ltr'>ἀφανῶν</span> <span class='ocrx_word' id='word_1_3' title='bbox 968 138 1198 179; x_wconf 80' lang='grc' dir='ltr'>νοσημάτων.</span> 
     </span>
    </p>
   </div>
   <div class='ocr_carea' id='block_1_2' title="bbox 304 219 1571 518">
    <p class='ocr_par' dir='ltr' id='par_1_2' title="bbox 304 219 1571 316">
     <span class='ocr_line' id='line_1_2' title="bbox 406 219 1571 265; baseline 0.002 -12"><span class='ocrx_word' id='word_1_4' title='bbox 406 222 476 263; x_wconf 86' lang='grc' dir='ltr'>περὶ</span> <span class='ocrx_word' id='word_1_5' title='bbox 499 221 533 253; x_wconf 87' lang='grc' dir='ltr'>δὲ</span> <span class='ocrx_word' id='word_1_6' title='bbox 546 226 603 253; x_wconf 86' lang='grc' dir='ltr'>τῶν</span> <span class='ocrx_word' id='word_1_7' title='bbox 621 219 838 264; x_wconf 82' lang='grc' dir='ltr'>ἀφανεστάτων</span> <span class='ocrx_word' id='word_1_8' title='bbox 853 221 908 252; x_wconf 84' lang='grc' dir='ltr'>καὶ</span> <span class='ocrx_word' id='word_1_9' title='bbox 921 220 1151 263; x_wconf 82' lang='grc' dir='ltr'>χαλεπωτάτων</span> <span class='ocrx_word' id='word_1_10' title='bbox 1163 223 1346 264; x_wconf 78' lang='grc' dir='ltr'>νοσημάτων</span> <span class='ocrx_word' id='word_1_11' title='bbox 1362 221 1437 264; x_wconf 75' lang='grc' dir='ltr'>δόξῃ</span> <span class='ocrx_word' id='word_1_12' title='bbox 1447 221 1571 265; x_wconf 82' lang='grc' dir='ltr'>μάλλον</span> 
     </span>
     <span class='ocr_line' id='line_1_3' title="bbox 304 268 1570 316; baseline 0.002 -13"><span class='ocrx_word' id='word_1_13' title='bbox 304 270 325 314; x_wconf 83' lang='grc' dir='ltr'>ἢ</span> <span class='ocrx_word' id='word_1_14' title='bbox 348 274 441 315; x_wconf 80' lang='grc' dir='ltr'>τέχνῃ</span> <span class='ocrx_word' id='word_1_15' title='bbox 463 274 609 314; x_wconf 77' lang='grc' dir='ltr'>κρίνεται·</span> <span class='ocrx_word' id='word_1_16' title='bbox 634 272 772 315; x_wconf 72' lang='grc' dir='ltr'>διαφέρει</span> <span class='ocrx_word' id='word_1_17' title='bbox 794 271 828 303; x_wconf 84' lang='grc' dir='ltr'>δὲ</span> <span class='ocrx_word' id='word_1_18' title='bbox 850 269 883 308; x_wconf 83' lang='grc' dir='ltr'>ὲν</span> <span class='ocrx_word' id='word_1_19' title='bbox 905 268 1011 307; x_wconf 75' lang='grc' dir='ltr'>αὐτοῖς</span> <span class='ocrx_word' id='word_1_20' title='bbox 1031 271 1174 303; x_wconf 87' lang='grc' dir='ltr'>πλεῖστον</span> <span class='ocrx_word' id='word_1_21' title='bbox 1199 270 1220 315; x_wconf 80' lang='grc' dir='ltr'>ἡ</span> <span class='ocrx_word' id='word_1_22' title='bbox 1243 276 1336 314; x_wconf 83' lang='grc' dir='ltr'>πεῖρα</span> <span class='ocrx_word' id='word_1_23' title='bbox 1350 276 1407 315; x_wconf 85' lang='grc' dir='ltr'>τῆς</span> <span class='ocrx_word' id='word_1_24' title='bbox 1416 270 1570 316; x_wconf 62' lang='grc' dir='ltr'>ἀπειρίας.</span> 
     </span>
    </p>

    <p class='ocr_par' dir='ltr' id='par_1_3' title="bbox 304 320 1571 518">
     <span class='ocr_line' id='line_1_4' title="bbox 406 320 1570 365; baseline 0.002 -11"><span class='ocrx_word' id='word_1_25' title='bbox 406 323 436 354; x_wconf 86' lang='grc' dir='ltr'>ἓν</span> <span class='ocrx_word' id='word_1_26' title='bbox 459 323 493 354; x_wconf 85' lang='grc' dir='ltr'>δὲ</span> <span class='ocrx_word' id='word_1_27' title='bbox 516 323 554 365; x_wconf 84' lang='grc' dir='ltr'>δή</span> <span class='ocrx_word' id='word_1_28' title='bbox 576 333 603 354; x_wconf 90' lang='grc' dir='ltr'>τι</span> <span class='ocrx_word' id='word_1_29' title='bbox 625 328 682 356; x_wconf 81' lang='grc' dir='ltr'>τῶν</span> <span class='ocrx_word' id='word_1_30' title='bbox 702 323 861 353; x_wconf 75' lang='grc' dir='ltr'>τοιουτέων</span> <span class='ocrx_word' id='word_1_31' title='bbox 877 320 941 353; x_wconf 82' lang='grc' dir='ltr'>ἐστὶ</span> <span class='ocrx_word' id='word_1_32' title='bbox 953 322 1039 354; x_wconf 85' lang='grc' dir='ltr'>τόδε·</span> <span class='ocrx_word' id='word_1_33' title='bbox 1052 324 1080 354; x_wconf 89' lang='grc' dir='ltr'>τί</span> <span class='ocrx_word' id='word_1_34' title='bbox 1093 332 1168 354; x_wconf 88' lang='grc' dir='ltr'>ποτε</span> <span class='ocrx_word' id='word_1_35' title='bbox 1187 321 1281 354; x_wconf 83' lang='grc' dir='ltr'>αἴτιόν</span> <span class='ocrx_word' id='word_1_36' title='bbox 1296 320 1361 354; x_wconf 82' lang='grc' dir='ltr'>ἐστι</span> <span class='ocrx_word' id='word_1_37' title='bbox 1377 327 1436 355; x_wconf 79' lang='grc' dir='ltr'>τῶν</span> <span class='ocrx_word' id='word_1_38' title='bbox 1452 323 1570 356; x_wconf 68' lang='lat' dir='ltr'>vobem</span> 
     </span>
     <span class='ocr_line' id='line_1_5' title="bbox 304 371 1571 417; baseline 0.002 -13"><span class='ocrx_word' id='word_1_39' title='bbox 304 374 360 404; x_wconf 82' lang='grc' dir='ltr'>καὶ</span> <span class='ocrx_word' id='word_1_40' title='bbox 391 375 436 409; x_wconf 86' lang='grc' dir='ltr'>τίς</span> <span class='ocrx_word' id='word_1_41' title='bbox 467 371 552 417; x_wconf 82' lang='grc' dir='ltr'>ἁρχὴ</span> <span class='ocrx_word' id='word_1_42' title='bbox 584 374 640 404; x_wconf 83' lang='grc' dir='ltr'>καὶ</span> <span class='ocrx_word' id='word_1_43' title='bbox 665 374 749 416; x_wconf 80' lang='grc' dir='ltr'>πηγὴ</span> <span class='ocrx_word' id='word_1_44' title='bbox 779 374 892 412; x_wconf 75' lang='grc' dir='ltr'>γίνεται</span> <span class='ocrx_word' id='word_1_45' title='bbox 913 377 971 404; x_wconf 84' lang='grc' dir='ltr'>τῶν</span> <span class='ocrx_word' id='word_1_46' title='bbox 994 371 1024 404; x_wconf 81' lang='grc' dir='ltr'>ἐν</span> <span class='ocrx_word' id='word_1_47' title='bbox 1047 378 1089 415; x_wconf 84' lang='grc' dir='ltr'>τῷ</span> <span class='ocrx_word' id='word_1_48' title='bbox 1111 374 1231 415; x_wconf 86' lang='grc' dir='ltr'>σώματι</span> <span class='ocrx_word' id='word_1_49' title='bbox 1252 378 1373 411; x_wconf 85' lang='grc' dir='ltr'>κακῶν;</span> <span class='ocrx_word' id='word_1_50' title='bbox 1395 371 1423 405; x_wconf 79' lang='grc' dir='ltr'>εἰ</span> <span class='ocrx_word' id='word_1_51' title='bbox 1443 375 1504 416; x_wconf 74' lang='grc' dir='ltr'>γάρ</span> <span class='ocrx_word' id='word_1_52' title='bbox 1524 384 1571 411; x_wconf 83' lang='grc' dir='ltr'>τις</span> 
     </span>
     <span class='ocr_line' id='line_1_6' title="bbox 305 421 1570 468; baseline 0.001 -13"><span class='ocrx_word' id='word_1_53' title='bbox 305 422 399 466; x_wconf 79' lang='grc' dir='ltr'>εἰδείη</span> <span class='ocrx_word' id='word_1_54' title='bbox 444 425 498 467; x_wconf 87' lang='grc' dir='ltr'>τὴν</span> <span class='ocrx_word' id='word_1_55' title='bbox 537 421 636 455; x_wconf 80' lang='grc' dir='ltr'>αἰτὶαν</span> <span class='ocrx_word' id='word_1_56' title='bbox 673 427 726 454; x_wconf 84' lang='grc' dir='ltr'>τοῦ</span> <span class='ocrx_word' id='word_1_57' title='bbox 764 425 952 466; x_wconf 80' lang='grc' dir='ltr'>νοσήματος,</span> <span class='ocrx_word' id='word_1_58' title='bbox 992 421 1058 459; x_wconf 85' lang='grc' dir='ltr'>οἷός</span> <span class='ocrx_word' id='word_1_59' title='bbox 1091 422 1118 454; x_wconf 86' lang='grc' dir='ltr'>τ’</span> <span class='ocrx_word' id='word_1_60' title='bbox 1150 422 1186 455; x_wconf 84' lang='grc' dir='ltr'>ἂν</span> <span class='ocrx_word' id='word_1_61' title='bbox 1221 422 1269 467; x_wconf 86' lang='grc' dir='ltr'>εἴη</span> <span class='ocrx_word' id='word_1_62' title='bbox 1302 425 1341 455; x_wconf 88' lang='grc' dir='ltr'>τὰ</span> <span class='ocrx_word' id='word_1_63' title='bbox 1376 423 1570 468; x_wconf 75' lang='grc' dir='ltr'>Ευμφέροντα</span> 
     </span>
     <span class='ocr_line' id='line_1_7' title="bbox 304 471 1440 518; baseline 0.001 -13"><span class='ocrx_word' id='word_1_64' title='bbox 304 476 486 518; x_wconf 73' lang='grc' dir='ltr'>προσφέρειν</span> <span class='ocrx_word' id='word_1_65' title='bbox 509 480 550 516; x_wconf 83' lang='grc' dir='ltr'>τῷ</span> <span class='ocrx_word' id='word_1_66' title='bbox 573 475 702 516; x_wconf 85' lang='grc' dir='ltr'>σώματι,</span> <span class='ocrx_word' id='word_1_67' title='bbox 726 472 762 505; x_wconf 84' lang='grc' dir='ltr'>ἐκ</span> <span class='ocrx_word' id='word_1_68' title='bbox 783 478 840 505; x_wconf 87' lang='grc' dir='ltr'>τῶν</span> <span class='ocrx_word' id='word_1_69' title='bbox 863 471 1004 506; x_wconf 81' lang='grc' dir='ltr'>ἐναντίων</span> <span class='ocrx_word' id='word_1_70' title='bbox 1027 472 1190 516; x_wconf 77' lang='grc' dir='ltr'>ἱστάμενος</span> <span class='ocrx_word' id='word_1_71' title='bbox 1212 479 1254 516; x_wconf 83' lang='grc' dir='ltr'>τῷ</span> <span class='ocrx_word' id='word_1_72' title='bbox 1276 476 1440 518; x_wconf 81' lang='grc' dir='ltr'>νοσήματι.</span> 
     </span>
    </p>
   </div>
   <div class='ocr_carea' id='block_1_3' title="bbox 542 573 1324 618">
    <p class='ocr_par' dir='ltr' id='par_1_4' title="bbox 542 573 1324 618">
     <span class='ocr_line' id='line_1_8' title="bbox 542 573 1324 618; baseline 0.001 -12"><span class='ocrx_word' id='word_1_73' title='bbox 542 574 624 606; x_wconf 66' lang='lat' dir='ltr'>“On</span> <span class='ocrx_word' id='word_1_74' title='bbox 651 573 695 606; x_wconf 83' lang='grc' dir='ltr'>δι’</span> <span class='ocrx_word' id='word_1_75' title='bbox 718 573 934 606; x_wconf 78' lang='grc' dir='ltr'>ἐναντίωσιν</span> <span class='ocrx_word' id='word_1_76' title='bbox 956 576 1098 615; x_wconf 77' lang='grc' dir='ltr'>γίνεται</span> <span class='ocrx_word' id='word_1_77' title='bbox 1119 573 1140 618; x_wconf 83' lang='grc' dir='ltr'>ἡ</span> <span class='ocrx_word' id='word_1_78' title='bbox 1162 573 1324 618; x_wconf 80' lang='grc' dir='ltr'>ἰατρική.</span> 
     </span>
    </p>
   </div>
   <div class='ocr_carea' id='block_1_4' title="bbox 302 656 1572 1057">
    <p class='ocr_par' dir='ltr' id='par_1_5' title="bbox 302 656 1572 1057">
     <span class='ocr_line' id='line_1_9' title="bbox 407 656 1570 703; baseline 0.002 -13"><span class='ocrx_word' id='word_1_79' title='bbox 407 656 483 702; x_wconf 69' lang='grc' dir='ltr'>αὕτη</span> <span class='ocrx_word' id='word_1_80' title='bbox 507 660 565 701; x_wconf 83' lang='grc' dir='ltr'>γὰρ</span> <span class='ocrx_word' id='word_1_81' title='bbox 588 657 608 702; x_wconf 85' lang='grc' dir='ltr'>ἡ</span> <span class='ocrx_word' id='word_1_82' title='bbox 630 657 753 702; x_wconf 81' lang='grc' dir='ltr'>’ἰατρικὴ</span> <span class='ocrx_word' id='word_1_83' title='bbox 777 659 914 701; x_wconf 80' lang='grc' dir='ltr'>μάλιστα</span> <span class='ocrx_word' id='word_1_84' title='bbox 935 660 1018 690; x_wconf 84' lang='grc' dir='ltr'>κατὰ</span> <span class='ocrx_word' id='word_1_85' title='bbox 1040 659 1128 702; x_wconf 74' lang='grc' dir='ltr'>φυσιν</span> <span class='ocrx_word' id='word_1_86' title='bbox 1150 657 1240 691; x_wconf 78' lang='grc' dir='ltr'>ἐστίν.</span> <span class='ocrx_word' id='word_1_87' title='bbox 1264 659 1352 702; x_wconf 77' lang='grc' dir='ltr'>ὃγὰρ</span> <span class='ocrx_word' id='word_1_88' title='bbox 1365 658 1402 692; x_wconf 86' lang='grc' dir='ltr'>ἂν</span> <span class='ocrx_word' id='word_1_89' title='bbox 1419 660 1504 703; x_wconf 76' lang='grc' dir='ltr'>λυπῇ</span> <span class='ocrx_word' id='word_1_90' title='bbox 1518 660 1570 692; x_wconf 79' lang='grc' dir='ltr'>τὸν</span> 
     </span>
     <span class='ocr_line' id='line_1_10' title="bbox 305 707 1570 753; baseline 0.002 -12"><span class='ocrx_word' id='word_1_91' title='bbox 305 709 481 752; x_wconf 81' lang='grc' dir='ltr'>ἄνθρωπον,</span> <span class='ocrx_word' id='word_1_92' title='bbox 512 713 600 741; x_wconf 80' lang='grc' dir='ltr'>τοῦτο</span> <span class='ocrx_word' id='word_1_93' title='bbox 633 710 780 741; x_wconf 89' lang='grc' dir='ltr'>καλέεται</span> <span class='ocrx_word' id='word_1_94' title='bbox 811 714 933 745; x_wconf 85' lang='grc' dir='ltr'>νοῦσος.</span> <span class='ocrx_word' id='word_1_95' title='bbox 966 711 994 741; x_wconf 88' lang='grc' dir='ltr'>τί</span> <span class='ocrx_word' id='word_1_96' title='bbox 1026 707 1079 741; x_wconf 76' lang='grc' dir='ltr'>οὖν</span> <span class='ocrx_word' id='word_1_97' title='bbox 1102 710 1194 752; x_wconf 81' lang='grc' dir='ltr'>λιμοῦ</span> <span class='ocrx_word' id='word_1_98' title='bbox 1228 711 1410 753; x_wconf 75' lang='grc' dir='ltr'>φάρμακονς</span> <span class='ocrx_word' id='word_1_99' title='bbox 1437 710 1454 742; x_wconf 83' lang='grc' dir='ltr'><strong>ὃ</strong></span> <span class='ocrx_word' id='word_1_100' title='bbox 1476 710 1570 743; x_wconf 66' lang='grc' dir='ltr'>παόει</span> 
     </span>
     <span class='ocr_line' id='line_1_11' title="bbox 304 757 1569 803; baseline 0.001 -11"><span class='ocrx_word' id='word_1_101' title='bbox 304 761 407 803; x_wconf 84' lang='grc' dir='ltr'>λιμόν·</span> <span class='ocrx_word' id='word_1_102' title='bbox 442 765 530 792; x_wconf 85' lang='grc' dir='ltr'>τοῦτο</span> <span class='ocrx_word' id='word_1_103' title='bbox 565 760 598 791; x_wconf 89' lang='grc' dir='ltr'>δέ</span> <span class='ocrx_word' id='word_1_104' title='bbox 625 758 688 792; x_wconf 81' lang='grc' dir='ltr'>ἐστι</span> <span class='ocrx_word' id='word_1_105' title='bbox 710 761 834 802; x_wconf 86' lang='grc' dir='ltr'>βρῶσις.</span> <span class='ocrx_word' id='word_1_106' title='bbox 858 757 952 796; x_wconf 79' lang='grc' dir='ltr'>αὖθις</span> <span class='ocrx_word' id='word_1_107' title='bbox 974 757 1014 791; x_wconf 79' lang='grc' dir='ltr'>αὖ</span> <span class='ocrx_word' id='word_1_108' title='bbox 1037 760 1128 803; x_wconf 84' lang='grc' dir='ltr'>δίψαν</span> <span class='ocrx_word' id='word_1_109' title='bbox 1150 759 1267 792; x_wconf 80' lang='grc' dir='ltr'>ἔπαυσε</span> <span class='ocrx_word' id='word_1_110' title='bbox 1289 762 1390 798; x_wconf 84' lang='grc' dir='ltr'>πόσις,</span> <span class='ocrx_word' id='word_1_111' title='bbox 1411 761 1506 793; x_wconf 82' lang='grc' dir='ltr'>πάλιν</span> <span class='ocrx_word' id='word_1_112' title='bbox 1528 758 1569 793; x_wconf 72' lang='grc' dir='ltr'>αὖ</span> 
     </span>
     <span class='ocr_line' id='line_1_12' title="bbox 304 809 1572 855; baseline 0.002 -13"><span class='ocrx_word' id='word_1_113' title='bbox 304 811 486 854; x_wconf 80' lang='grc' dir='ltr'>πλησμονὴν</span> <span class='ocrx_word' id='word_1_114' title='bbox 513 809 598 842; x_wconf 80' lang='grc' dir='ltr'>ἰᾶται</span> <span class='ocrx_word' id='word_1_115' title='bbox 624 813 762 848; x_wconf 75' lang='grc' dir='ltr'>κένωσις,</span> <span class='ocrx_word' id='word_1_116' title='bbox 789 813 915 842; x_wconf 78' lang='grc' dir='ltr'>κένωσιν</span> <span class='ocrx_word' id='word_1_117' title='bbox 949 811 982 842; x_wconf 87' lang='grc' dir='ltr'>δὲ</span> <span class='ocrx_word' id='word_1_118' title='bbox 1009 811 1185 854; x_wconf 83' lang='grc' dir='ltr'>πλησμονή,</span> <span class='ocrx_word' id='word_1_119' title='bbox 1208 813 1301 843; x_wconf 82' lang='grc' dir='ltr'>πόνον</span> <span class='ocrx_word' id='word_1_120' title='bbox 1323 811 1358 843; x_wconf 76' lang='grc' dir='ltr'>δὲ</span> <span class='ocrx_word' id='word_1_121' title='bbox 1381 809 1505 855; x_wconf 60' lang='lat' dir='ltr'>amnem.</span> <span class='ocrx_word' id='word_1_122' title='bbox 1526 809 1572 844; x_wconf 68' lang='grc' dir='ltr'>ἑνὶ</span> 
     </span>
     <span class='ocr_line' id='line_1_13' title="bbox 305 859 1569 907; baseline 0.001 -14"><span class='ocrx_word' id='word_1_123' title='bbox 305 862 338 893; x_wconf 86' lang='grc' dir='ltr'>δὲ</span> <span class='ocrx_word' id='word_1_124' title='bbox 366 864 505 904; x_wconf 78' lang='grc' dir='ltr'>συντόμῳ</span> <span class='ocrx_word' id='word_1_125' title='bbox 537 862 620 903; x_wconf 81' lang='grc' dir='ltr'>λόγῳ</span> <span class='ocrx_word' id='word_1_126' title='bbox 642 863 680 893; x_wconf 74' lang='grc' dir='ltr'>τὰ</span> <span class='ocrx_word' id='word_1_127' title='bbox 713 860 834 893; x_wconf 83' lang='grc' dir='ltr'>ἐναντία</span> <span class='ocrx_word' id='word_1_128' title='bbox 866 867 924 892; x_wconf 88' lang='grc' dir='ltr'>τῶν</span> <span class='ocrx_word' id='word_1_129' title='bbox 947 860 1087 893; x_wconf 82' lang='grc' dir='ltr'>ἐναντίων</span> <span class='ocrx_word' id='word_1_130' title='bbox 1110 859 1184 893; x_wconf 73' lang='grc' dir='ltr'>εἰσὶν</span> <span class='ocrx_word' id='word_1_131' title='bbox 1205 860 1340 904; x_wconf 78' lang='grc' dir='ltr'>ἰάματα·</span> <span class='ocrx_word' id='word_1_132' title='bbox 1362 860 1487 907; x_wconf 79' lang='grc' dir='ltr'>ἰατρικὴ</span> <span class='ocrx_word' id='word_1_133' title='bbox 1508 864 1569 905; x_wconf 75' lang='grc' dir='ltr'>γάρ</span> 
     </span>
     <span class='ocr_line' id='line_1_14' title="bbox 304 910 1570 957; baseline 0.002 -14"><span class='ocrx_word' id='word_1_134' title='bbox 304 910 368 943; x_wconf 76' lang='grc' dir='ltr'>ἐστι</span> <span class='ocrx_word' id='word_1_135' title='bbox 389 913 560 954; x_wconf 81' lang='grc' dir='ltr'>πρόσθεσις</span> <span class='ocrx_word' id='word_1_136' title='bbox 581 913 637 943; x_wconf 80' lang='grc' dir='ltr'>καὶ</span> <span class='ocrx_word' id='word_1_137' title='bbox 652 911 825 956; x_wconf 69' lang='grc' dir='ltr'>ἀφαίρεσις,</span> <span class='ocrx_word' id='word_1_138' title='bbox 841 913 1012 954; x_wconf 81' lang='grc' dir='ltr'>πρόσθεσις</span> <span class='ocrx_word' id='word_1_139' title='bbox 1027 914 1083 954; x_wconf 84' lang='grc' dir='ltr'>μὲν</span> <span class='ocrx_word' id='word_1_140' title='bbox 1098 917 1155 943; x_wconf 86' lang='grc' dir='ltr'>τῶν</span> <span class='ocrx_word' id='word_1_141' title='bbox 1174 910 1386 950; x_wconf 78' lang='grc' dir='ltr'>ἐλλειπόντων,</span> <span class='ocrx_word' id='word_1_142' title='bbox 1405 910 1570 957; x_wconf 73' lang='grc' dir='ltr'>ἀφαίρεσις</span> 
     </span>
     <span class='ocr_line' id='line_1_15' title="bbox 304 961 1569 1006; baseline 0.002 -12"><span class='ocrx_word' id='word_1_143' title='bbox 304 963 337 994; x_wconf 82' lang='grc' dir='ltr'>δὲ</span> <span class='ocrx_word' id='word_1_144' title='bbox 368 968 425 994; x_wconf 85' lang='grc' dir='ltr'>τῶν</span> <span class='ocrx_word' id='word_1_145' title='bbox 447 963 688 999; x_wconf 76' lang='grc' dir='ltr'>πλεοναζόντων·</span> <span class='ocrx_word' id='word_1_146' title='bbox 713 961 730 994; x_wconf 90' lang='grc' dir='ltr'>ὁ</span> <span class='ocrx_word' id='word_1_147' title='bbox 754 964 807 1005; x_wconf 87' lang='grc' dir='ltr'>μὲν</span> <span class='ocrx_word' id='word_1_148' title='bbox 829 961 909 994; x_wconf 78' lang='grc' dir='ltr'>τοῦτ’</span> <span class='ocrx_word' id='word_1_149' title='bbox 934 962 1046 1004; x_wconf 82' lang='grc' dir='ltr'>ἄριστα</span> <span class='ocrx_word' id='word_1_150' title='bbox 1067 965 1178 1004; x_wconf 85' lang='grc' dir='ltr'>ποιέων</span> <span class='ocrx_word' id='word_1_151' title='bbox 1202 962 1328 1005; x_wconf 84' lang='grc' dir='ltr'>ἄριστος</span> <span class='ocrx_word' id='word_1_152' title='bbox 1348 961 1466 1006; x_wconf 79' lang='grc' dir='ltr'>ἰατρός,</span> <span class='ocrx_word' id='word_1_153' title='bbox 1490 961 1508 996; x_wconf 81' lang='grc' dir='ltr'>ὁ</span> <span class='ocrx_word' id='word_1_154' title='bbox 1533 963 1569 996; x_wconf 69' lang='grc' dir='ltr'>δὲ</span> 
     </span>
     <span class='ocr_line' id='line_1_16' title="bbox 302 1012 1390 1057; baseline 0 -13"><span class='ocrx_word' id='word_1_155' title='bbox 302 1014 411 1045; x_wconf 73' lang='grc' dir='ltr'>τουτου</span> <span class='ocrx_word' id='word_1_156' title='bbox 434 1014 575 1045; x_wconf 87' lang='grc' dir='ltr'>πλεῖστον</span> <span class='ocrx_word' id='word_1_157' title='bbox 599 1012 803 1057; x_wconf 69' lang='grc' dir='ltr'>ἀπολειφθεὶς</span> <span class='ocrx_word' id='word_1_158' title='bbox 825 1014 967 1045; x_wconf 88' lang='grc' dir='ltr'>πλεῖστον</span> <span class='ocrx_word' id='word_1_159' title='bbox 991 1012 1168 1057; x_wconf 78' lang='grc' dir='ltr'>ἀπελείφθη</span> <span class='ocrx_word' id='word_1_160' title='bbox 1191 1018 1246 1057; x_wconf 87' lang='grc' dir='ltr'>τῆς</span> <span class='ocrx_word' id='word_1_161' title='bbox 1268 1016 1390 1057; x_wconf 87' lang='grc' dir='ltr'>τέχνης.</span> 
     </span>
    </p>
   </div>
   <div class='ocr_carea' id='block_1_5' title="bbox 591 1148 1288 1183">
    <p class='ocr_par' dir='ltr' id='par_1_6' title="bbox 591 1148 1288 1183">
     <span class='ocr_line' id='line_1_17' title="bbox 591 1148 1288 1183; baseline 0.001 -7"><span class='ocrx_word' id='word_1_162' title='bbox 591 1149 622 1176; x_wconf 91' lang='lat' dir='ltr'>d.</span> <span class='ocrx_word' id='word_1_163' title='bbox 667 1149 729 1176; x_wconf 84' lang='lat' dir='ltr'>Die</span> <span class='ocrx_word' id='word_1_164' title='bbox 751 1149 1028 1183; x_wconf 81' lang='lat' dir='ltr'>Kopenhagener</span> <span class='ocrx_word' id='word_1_165' title='bbox 1049 1148 1288 1177; x_wconf 78' lang='lat' dir='ltr'>Handschrift.</span> 
     </span>
    </p>
   </div>
   <div class='ocr_carea' id='block_1_6' title="bbox 302 1228 1568 2182">
    <p class='ocr_par' dir='ltr' id='par_1_7' title="bbox 302 1228 1568 2182">
     <span class='ocr_line' id='line_1_18' title="bbox 404 1228 1568 1265; baseline 0.002 -3"><span class='ocrx_word' id='word_1_166' title='bbox 404 1231 460 1262; x_wconf 89' lang='lat' dir='ltr'>Ich</span> <span class='ocrx_word' id='word_1_167' title='bbox 483 1231 570 1263; x_wconf 84' lang='lat' dir='ltr'>habe</span> <span class='ocrx_word' id='word_1_168' title='bbox 592 1232 656 1263; x_wconf 91' lang='lat' dir='ltr'>den</span> <span class='ocrx_word' id='word_1_169' title='bbox 679 1232 878 1263; x_wconf 88' lang='lat' dir='ltr'>Hauniensis</span> <span class='ocrx_word' id='word_1_170' title='bbox 900 1231 1004 1263; x_wconf 86' lang='lat' dir='ltr'>sehon</span> <span class='ocrx_word' id='word_1_171' title='bbox 1019 1242 1061 1263; x_wconf 90' lang='lat' dir='ltr'>an</span> <span class='ocrx_word' id='word_1_172' title='bbox 1077 1233 1215 1263; x_wconf 88' lang='lat' dir='ltr'>anderer</span> <span class='ocrx_word' id='word_1_173' title='bbox 1230 1228 1351 1264; x_wconf 86' lang='lat' dir='ltr'>Stelle¹</span> <span class='ocrx_word' id='word_1_174' title='bbox 1369 1231 1568 1265; x_wconf 80' lang='lat' dir='ltr'>ausffihrlieh</span> 
     </span>
     <span class='ocr_line' id='line_1_19' title="bbox 303 1282 1568 1324; baseline 0.002 -11"><span class='ocrx_word' id='word_1_175' title='bbox 303 1282 511 1322; x_wconf 84' lang='lat' dir='ltr'>besprochen</span> <span class='ocrx_word' id='word_1_176' title='bbox 534 1282 600 1313; x_wconf 91' lang='lat' dir='ltr'>und</span> <span class='ocrx_word' id='word_1_177' title='bbox 612 1283 765 1323; x_wconf 79' lang='lat' dir='ltr'>begniige</span> <span class='ocrx_word' id='word_1_178' title='bbox 781 1282 867 1313; x_wconf 91' lang='lat' dir='ltr'>mich</span> <span class='ocrx_word' id='word_1_179' title='bbox 880 1284 971 1323; x_wconf 84' lang='lat' dir='ltr'>jetzt,</span> <span class='ocrx_word' id='word_1_180' title='bbox 989 1283 1048 1313; x_wconf 84' lang='lat' dir='ltr'>auf</span> <span class='ocrx_word' id='word_1_181' title='bbox 1059 1283 1165 1314; x_wconf 92' lang='lat' dir='ltr'>meine</span> <span class='ocrx_word' id='word_1_182' title='bbox 1181 1283 1310 1324; x_wconf 85' lang='lat' dir='ltr'>dortige</span> <span class='ocrx_word' id='word_1_183' title='bbox 1325 1282 1568 1315; x_wconf 84' lang='lat' dir='ltr'>Auseinander-</span> 
     </span>
     <span class='ocr_line' id='line_1_20' title="bbox 303 1333 1568 1374; baseline 0.002 -11"><span class='ocrx_word' id='word_1_184' title='bbox 303 1338 482 1373; x_wconf 87' lang='lat' dir='ltr'>setzungen</span> <span class='ocrx_word' id='word_1_185' title='bbox 515 1333 593 1363; x_wconf 86' lang='lat' dir='ltr'>kurz</span> <span class='ocrx_word' id='word_1_186' title='bbox 626 1344 663 1363; x_wconf 94' lang='lat' dir='ltr'>zu</span> <span class='ocrx_word' id='word_1_187' title='bbox 694 1334 880 1364; x_wconf 85' lang='lat' dir='ltr'>verweisen.</span> <span class='ocrx_word' id='word_1_188' title='bbox 926 1333 1053 1364; x_wconf 86' lang='lat' dir='ltr'>Meiner</span> <span class='ocrx_word' id='word_1_189' title='bbox 1075 1333 1235 1374; x_wconf 87' lang='lat' dir='ltr'>Meinung</span> <span class='ocrx_word' id='word_1_190' title='bbox 1256 1334 1341 1366; x_wconf 85' lang='lat' dir='ltr'>nach</span> <span class='ocrx_word' id='word_1_191' title='bbox 1362 1334 1405 1366; x_wconf 89' lang='lat' dir='ltr'>ist</span> <span class='ocrx_word' id='word_1_192' title='bbox 1426 1333 1480 1366; x_wconf 84' lang='lat' dir='ltr'>die</span> <span class='ocrx_word' id='word_1_193' title='bbox 1501 1333 1568 1365; x_wconf 76' lang='lat' dir='ltr'>Ko·</span> 
     </span>
     <span class='ocr_line' id='line_1_21' title="bbox 303 1383 1556 1426; baseline 0.001 -12"><span class='ocrx_word' id='word_1_194' title='bbox 303 1383 513 1424; x_wconf 87' lang='lat' dir='ltr'>penhagener</span> <span class='ocrx_word' id='word_1_195' title='bbox 546 1383 759 1414; x_wconf 85' lang='lat' dir='ltr'>Handschrift</span> <span class='ocrx_word' id='word_1_196' title='bbox 791 1384 864 1414; x_wconf 89' lang='lat' dir='ltr'>eine</span> <span class='ocrx_word' id='word_1_197' title='bbox 897 1383 1069 1415; x_wconf 87' lang='lat' dir='ltr'>Abschrist</span> <span class='ocrx_word' id='word_1_198' title='bbox 1103 1395 1163 1415; x_wconf 87' lang='lat' dir='ltr'>aus</span> <span class='ocrx_word' id='word_1_199' title='bbox 1195 1385 1272 1415; x_wconf 88' lang='lat' dir='ltr'>dem</span> <span class='ocrx_word' id='word_1_200' title='bbox 1305 1385 1374 1416; x_wconf 85' lang='lat' dir='ltr'>Par.</span> <span class='ocrx_word' id='word_1_201' title='bbox 1401 1394 1450 1426; x_wconf 83' lang='lat' dir='ltr'>gr.</span> <span class='ocrx_word' id='word_1_202' title='bbox 1473 1391 1556 1424; x_wconf 82' lang='lat'>2142</span> 
     </span>
     <span class='ocr_line' id='line_1_22' title="bbox 304 1431 1568 1475; baseline 0.002 -11"><span class='ocrx_word' id='word_1_203' title='bbox 304 1433 359 1464; x_wconf 90' lang='lat' dir='ltr'>Ich</span> <span class='ocrx_word' id='word_1_204' title='bbox 393 1434 478 1465; x_wconf 85' lang='lat' dir='ltr'>habe</span> <span class='ocrx_word' id='word_1_205' title='bbox 511 1434 734 1475; x_wconf 60' lang='lat' dir='ltr'>nachtrziglich</span> <span class='ocrx_word' id='word_1_206' title='bbox 765 1434 940 1475; x_wconf 75' lang='lat' dir='ltr'>geffinden,</span> <span class='ocrx_word' id='word_1_207' title='bbox 964 1435 1042 1466; x_wconf 87' lang='lat' dir='ltr'>dass</span> <span class='ocrx_word' id='word_1_208' title='bbox 1065 1435 1149 1466; x_wconf 89' lang='lat' dir='ltr'>auch</span> <span class='ocrx_word' id='word_1_209' title='bbox 1166 1435 1194 1475; x_wconf 90' lang='lat' dir='ltr'>J.</span> <span class='ocrx_word' id='word_1_210' title='bbox 1218 1431 1386 1472; x_wconf 72' lang='lat' dir='ltr'>SICHEL,⁸</span> <span class='ocrx_word' id='word_1_211' title='bbox 1407 1435 1467 1466; x_wconf 86' lang='lat' dir='ltr'>der</span> <span class='ocrx_word' id='word_1_212' title='bbox 1487 1434 1568 1466; x_wconf 86' lang='lat' dir='ltr'>Her-</span> 
     </span>
     <span class='ocr_line' id='line_1_23' title="bbox 304 1484 1567 1529; baseline 0.001 -14"><span class='ocrx_word' id='word_1_213' title='bbox 304 1485 465 1525; x_wconf 86' lang='lat' dir='ltr'>ausgeber</span> <span class='ocrx_word' id='word_1_214' title='bbox 491 1484 549 1515; x_wconf 83' lang='lat' dir='ltr'>der</span> <span class='ocrx_word' id='word_1_215' title='bbox 581 1484 944 1525; x_wconf 86' lang='lat' dir='ltr'>ophthalmologisehen</span> <span class='ocrx_word' id='word_1_216' title='bbox 975 1485 1095 1517; x_wconf 81' lang='lat' dir='ltr'>Schrift</span> <span class='ocrx_word' id='word_1_217' title='bbox 1125 1496 1157 1517; x_wconf 89' lang='grc' dir='ltr'>π.</span> <span class='ocrx_word' id='word_1_218' title='bbox 1181 1484 1280 1529; x_wconf 85' lang='grc' dir='ltr'>ὄψιος,</span> <span class='ocrx_word' id='word_1_219' title='bbox 1303 1486 1357 1517; x_wconf 87' lang='lat' dir='ltr'>die</span> <span class='ocrx_word' id='word_1_220' title='bbox 1379 1495 1487 1527; x_wconf 86' lang='lat' dir='ltr'>engen</span> <span class='ocrx_word' id='word_1_221' title='bbox 1508 1484 1567 1517; x_wconf 88' lang='lat' dir='ltr'>Be-</span> 
     </span>
     <span class='ocr_line' id='line_1_24' title="bbox 303 1535 1568 1578; baseline 0.002 -13"><span class='ocrx_word' id='word_1_222' title='bbox 303 1535 484 1575; x_wconf 88' lang='lat' dir='ltr'>ziehungen</span> <span class='ocrx_word' id='word_1_223' title='bbox 507 1535 666 1566; x_wconf 88' lang='lat' dir='ltr'>zwischen</span> <span class='ocrx_word' id='word_1_224' title='bbox 689 1536 802 1566; x_wconf 87' lang='lat' dir='ltr'>diesen</span> <span class='ocrx_word' id='word_1_225' title='bbox 824 1536 943 1566; x_wconf 85' lang='lat' dir='ltr'>beiden</span> <span class='ocrx_word' id='word_1_226' title='bbox 957 1535 1213 1567; x_wconf 86' lang='lat' dir='ltr'>Handschristen</span> <span class='ocrx_word' id='word_1_227' title='bbox 1225 1536 1328 1567; x_wconf 90' lang='lat' dir='ltr'>sehon</span> <span class='ocrx_word' id='word_1_228' title='bbox 1346 1536 1455 1578; x_wconf 66' lang='lat' dir='ltr'>lingst</span> <span class='ocrx_word' id='word_1_229' title='bbox 1468 1535 1568 1567; x_wconf 87' lang='lat' dir='ltr'>beob-</span> 
     </span>
     <span class='ocr_line' id='line_1_25' title="bbox 304 1585 1564 1628; baseline 0.002 -13"><span class='ocrx_word' id='word_1_230' title='bbox 304 1585 414 1616; x_wconf 87' lang='lat' dir='ltr'>achtet</span> <span class='ocrx_word' id='word_1_231' title='bbox 445 1585 545 1616; x_wconf 85' lang='lat' dir='ltr'>hatte.</span> <span class='ocrx_word' id='word_1_232' title='bbox 591 1586 647 1616; x_wconf 93' lang='lat' dir='ltr'>Ich</span> <span class='ocrx_word' id='word_1_233' title='bbox 677 1585 767 1616; x_wconf 82' lang='lat' dir='ltr'>fiihre</span> <span class='ocrx_word' id='word_1_234' title='bbox 794 1586 863 1617; x_wconf 90' lang='lat' dir='ltr'>hier</span> <span class='ocrx_word' id='word_1_235' title='bbox 895 1587 986 1617; x_wconf 89' lang='lat' dir='ltr'>seine</span> <span class='ocrx_word' id='word_1_236' title='bbox 1019 1587 1159 1627; x_wconf 89' lang='lat' dir='ltr'>eigenen</span> <span class='ocrx_word' id='word_1_237' title='bbox 1190 1587 1307 1618; x_wconf 89' lang='lat' dir='ltr'>Worte</span> <span class='ocrx_word' id='word_1_238' title='bbox 1329 1597 1386 1618; x_wconf 84' lang='lat' dir='ltr'>an:</span> <span class='ocrx_word' id='word_1_239' title='bbox 1409 1585 1444 1617; x_wconf 88' lang='lat' dir='ltr'>&#39;Il</span> <span class='ocrx_word' id='word_1_240' title='bbox 1467 1585 1510 1628; x_wconf 84' lang='lat' dir='ltr'>(d.</span> <span class='ocrx_word' id='word_1_241' title='bbox 1533 1586 1564 1618; x_wconf 90' lang='lat' dir='ltr'>h.</span> 
     </span>
     <span class='ocr_line' id='line_1_26' title="bbox 303 1635 1567 1678; baseline 0.002 -12"><span class='ocrx_word' id='word_1_242' title='bbox 303 1636 362 1666; x_wconf 83' lang='lat' dir='ltr'>der</span> <span class='ocrx_word' id='word_1_243' title='bbox 383 1635 592 1676; x_wconf 85' lang='lat' dir='ltr'>Hauniensis)</span> <span class='ocrx_word' id='word_1_244' title='bbox 616 1641 666 1667; x_wconf 87' lang='lat' dir='ltr'>est</span> <span class='ocrx_word' id='word_1_245' title='bbox 688 1646 806 1667; x_wconf 86' lang='lat' dir='ltr'>encore</span> <span class='ocrx_word' id='word_1_246' title='bbox 828 1636 869 1667; x_wconf 90' lang='lat' dir='ltr'>de</span> <span class='ocrx_word' id='word_1_247' title='bbox 892 1636 924 1667; x_wconf 90' lang='lat' dir='ltr'>la</span> <span class='ocrx_word' id='word_1_248' title='bbox 946 1635 1053 1668; x_wconf 72' lang='lat' dir='ltr'>meme</span> <span class='ocrx_word' id='word_1_249' title='bbox 1076 1637 1202 1678; x_wconf 81' lang='lat' dir='ltr'>origine</span> <span class='ocrx_word' id='word_1_250' title='bbox 1223 1647 1288 1677; x_wconf 89' lang='lat' dir='ltr'>que</span> <span class='ocrx_word' id='word_1_251' title='bbox 1310 1636 1358 1668; x_wconf 87' lang='lat' dir='ltr'>les</span> <span class='ocrx_word' id='word_1_252' title='bbox 1373 1637 1567 1668; x_wconf 85' lang='lat' dir='ltr'>manuscrits</span> 
     </span>
     <span class='ocr_line' id='line_1_27' title="bbox 303 1686 1564 1729; baseline 0.002 -13"><span class='ocrx_word' id='word_1_253' title='bbox 303 1686 345 1716; x_wconf 89' lang='lat' dir='ltr'>de</span> <span class='ocrx_word' id='word_1_254' title='bbox 369 1686 465 1723; x_wconf 84' lang='lat' dir='ltr'>Paris,</span> <span class='ocrx_word' id='word_1_255' title='bbox 489 1692 522 1717; x_wconf 85' lang='lat' dir='ltr'>et</span> <span class='ocrx_word' id='word_1_256' title='bbox 544 1692 671 1717; x_wconf 83' lang='lat' dir='ltr'>surtout</span> <span class='ocrx_word' id='word_1_257' title='bbox 694 1687 933 1727; x_wconf 80' lang='lat' dir='ltr'>tres-analogue</span> <span class='ocrx_word' id='word_1_258' title='bbox 955 1698 996 1718; x_wconf 90' lang='lat' dir='ltr'>au</span> <span class='ocrx_word' id='word_1_259' title='bbox 1020 1688 1197 1718; x_wconf 84' lang='lat' dir='ltr'>manuscrit</span> <span class='ocrx_word' id='word_1_260' title='bbox 1219 1687 1252 1718; x_wconf 91' lang='lat' dir='ltr'>H</span> <span class='ocrx_word' id='word_1_261' title='bbox 1274 1686 1317 1729; x_wconf 93' lang='lat' dir='ltr'>(d.</span> <span class='ocrx_word' id='word_1_262' title='bbox 1340 1687 1372 1718; x_wconf 83' lang='lat' dir='ltr'>h.</span> <span class='ocrx_word' id='word_1_263' title='bbox 1384 1697 1432 1728; x_wconf 89' lang='lat' dir='ltr'>gr.</span> <span class='ocrx_word' id='word_1_264' title='bbox 1449 1686 1564 1728; x_wconf 79' lang='lat'>2142).&#39;</span> 
     </span>
     <span class='ocr_line' id='line_1_28' title="bbox 305 1736 1567 1779; baseline 0.002 -13"><span class='ocrx_word' id='word_1_265' title='bbox 305 1736 399 1767; x_wconf 90' lang='lat' dir='ltr'>Noch</span> <span class='ocrx_word' id='word_1_266' title='bbox 437 1737 526 1767; x_wconf 86' lang='lat' dir='ltr'>eines</span> <span class='ocrx_word' id='word_1_267' title='bbox 559 1737 601 1767; x_wconf 86' lang='lat' dir='ltr'>ist</span> <span class='ocrx_word' id='word_1_268' title='bbox 633 1737 882 1777; x_wconf 75' lang='lat' dir='ltr'>hinzuzufiigen.</span> <span class='ocrx_word' id='word_1_269' title='bbox 926 1738 989 1768; x_wconf 90' lang='lat' dir='ltr'>Die</span> <span class='ocrx_word' id='word_1_270' title='bbox 1009 1737 1126 1774; x_wconf 87' lang='lat' dir='ltr'>kleine,</span> <span class='ocrx_word' id='word_1_271' title='bbox 1150 1738 1306 1779; x_wconf 76' lang='lat' dir='ltr'>iibrigens</span> <span class='ocrx_word' id='word_1_272' title='bbox 1328 1737 1427 1768; x_wconf 89' lang='lat' dir='ltr'>leicht</span> <span class='ocrx_word' id='word_1_273' title='bbox 1449 1737 1567 1769; x_wconf 61' lang='lat' dir='ltr'>erklar-</span> 
     </span>
     <span class='ocr_line' id='line_1_29' title="bbox 303 1786 1566 1827; baseline 0.002 -11"><span class='ocrx_word' id='word_1_274' title='bbox 303 1786 386 1817; x_wconf 90' lang='lat' dir='ltr'>liche</span> <span class='ocrx_word' id='word_1_275' title='bbox 419 1787 623 1827; x_wconf 81' lang='lat' dir='ltr'>Diskrepanz</span> <span class='ocrx_word' id='word_1_276' title='bbox 654 1788 813 1818; x_wconf 88' lang='lat' dir='ltr'>zwischen</span> <span class='ocrx_word' id='word_1_277' title='bbox 847 1789 911 1818; x_wconf 92' lang='lat' dir='ltr'>den</span> <span class='ocrx_word' id='word_1_278' title='bbox 933 1788 1052 1819; x_wconf 90' lang='lat' dir='ltr'>beiden</span> <span class='ocrx_word' id='word_1_279' title='bbox 1076 1788 1331 1819; x_wconf 86' lang='lat' dir='ltr'>Handschristen</span> <span class='ocrx_word' id='word_1_280' title='bbox 1359 1787 1566 1819; x_wconf 84' lang='lat' dir='ltr'>hinsichtlich</span> 
     </span>
     <span class='ocr_line' id='line_1_30' title="bbox 304 1837 1566 1879; baseline 0.002 -12"><span class='ocrx_word' id='word_1_281' title='bbox 304 1837 362 1867; x_wconf 89' lang='lat' dir='ltr'>der</span> <span class='ocrx_word' id='word_1_282' title='bbox 385 1837 519 1877; x_wconf 84' lang='lat' dir='ltr'>Lesung</span> <span class='ocrx_word' id='word_1_283' title='bbox 541 1838 600 1868; x_wconf 81' lang='lat' dir='ltr'>der</span> <span class='ocrx_word' id='word_1_284' title='bbox 621 1838 924 1879; x_wconf 87' lang='lat' dir='ltr'>Randbemerkung</span> <span class='ocrx_word' id='word_1_285' title='bbox 946 1838 993 1869; x_wconf 92' lang='lat' dir='ltr'>VI</span> <span class='ocrx_word' id='word_1_286' title='bbox 1019 1847 1119 1874; x_wconf 86' lang='lat'>112,11</span> <span class='ocrx_word' id='word_1_287' title='bbox 1145 1838 1184 1869; x_wconf 91' lang='lat' dir='ltr'>L.</span> <span class='ocrx_word' id='word_1_288' title='bbox 1196 1838 1254 1869; x_wconf 88' lang='lat' dir='ltr'>hat</span> <span class='ocrx_word' id='word_1_289' title='bbox 1268 1838 1337 1869; x_wconf 87' lang='lat' dir='ltr'>sich</span> <span class='ocrx_word' id='word_1_290' title='bbox 1352 1838 1404 1869; x_wconf 90' lang='lat' dir='ltr'>bei</span> <span class='ocrx_word' id='word_1_291' title='bbox 1420 1848 1566 1879; x_wconf 85' lang='lat' dir='ltr'>genauer</span> 
     </span>
     <span class='ocr_line' id='line_1_31' title="bbox 304 1887 1566 1927; baseline 0.002 -9"><span class='ocrx_word' id='word_1_292' title='bbox 304 1887 558 1927; x_wconf 86' lang='lat' dir='ltr'>Untersuchung</span> <span class='ocrx_word' id='word_1_293' title='bbox 581 1887 629 1918; x_wconf 88' lang='lat' dir='ltr'>als</span> <span class='ocrx_word' id='word_1_294' title='bbox 651 1888 741 1918; x_wconf 88' lang='lat' dir='ltr'>nicht</span> <span class='ocrx_word' id='word_1_295' title='bbox 755 1889 953 1919; x_wconf 82' lang='lat' dir='ltr'>existierend</span> <span class='ocrx_word' id='word_1_296' title='bbox 976 1889 1139 1920; x_wconf 84' lang='lat' dir='ltr'>erwiesen.</span> <span class='ocrx_word' id='word_1_297' title='bbox 1163 1889 1232 1919; x_wconf 91' lang='lat' dir='ltr'>Der</span> <span class='ocrx_word' id='word_1_298' title='bbox 1246 1889 1446 1920; x_wconf 86' lang='lat' dir='ltr'>Hauniensis</span> <span class='ocrx_word' id='word_1_299' title='bbox 1463 1889 1566 1920; x_wconf 89' lang='lat' dir='ltr'>bietet</span> 
     </span>
     <span class='ocr_line' id='line_1_32' title="bbox 302 1938 1564 1980; baseline 0.002 -12"><span class='ocrx_word' id='word_1_300' title='bbox 302 1938 356 1979; x_wconf 83' lang='grc' dir='ltr'>τὴν</span> <span class='ocrx_word' id='word_1_301' title='bbox 391 1943 448 1968; x_wconf 87' lang='grc' dir='ltr'>τῶν</span> <span class='ocrx_word' id='word_1_302' title='bbox 485 1938 752 1980; x_wconf 78' lang='grc' dir='ltr'>δαιμονιζομένων,</span> <span class='ocrx_word' id='word_1_303' title='bbox 786 1949 845 1969; x_wconf 84' lang='lat' dir='ltr'>aus</span> <span class='ocrx_word' id='word_1_304' title='bbox 880 1939 955 1970; x_wconf 91' lang='lat' dir='ltr'>dem</span> <span class='ocrx_word' id='word_1_305' title='bbox 988 1939 1152 1970; x_wconf 87' lang='lat' dir='ltr'>Parisinus</span> <span class='ocrx_word' id='word_1_306' title='bbox 1181 1939 1260 1970; x_wconf 84' lang='lat' dir='ltr'>aber</span> <span class='ocrx_word' id='word_1_307' title='bbox 1291 1939 1381 1970; x_wconf 88' lang='lat' dir='ltr'>hatte</span> <span class='ocrx_word' id='word_1_308' title='bbox 1403 1939 1455 1970; x_wconf 93' lang='lat' dir='ltr'>ich</span> <span class='ocrx_word' id='word_1_309' title='bbox 1478 1938 1564 1971; x_wconf 72' lang='lat' dir='ltr'>nach</span> 
     </span>
     <span class='ocr_line' id='line_1_33' title="bbox 305 1987 1564 2031; baseline 0.002 -13"><span class='ocrx_word' id='word_1_310' title='bbox 305 1987 446 2018; x_wconf 71' lang='lat' dir='ltr'>LITTRE</span> <span class='ocrx_word' id='word_1_311' title='bbox 474 1989 526 2030; x_wconf 83' lang='grc' dir='ltr'>τὴν</span> <span class='ocrx_word' id='word_1_312' title='bbox 553 1993 610 2019; x_wconf 84' lang='grc' dir='ltr'>τῶν</span> <span class='ocrx_word' id='word_1_313' title='bbox 634 1989 799 2031; x_wconf 85' lang='grc' dir='ltr'>δαιμονίως</span> <span class='ocrx_word' id='word_1_314' title='bbox 823 1990 1010 2031; x_wconf 75' lang='grc' dir='ltr'>βιαζομένων</span> <span class='ocrx_word' id='word_1_315' title='bbox 1034 1989 1217 2030; x_wconf 76' lang='lat' dir='ltr'>angefuhrt.</span> <span class='ocrx_word' id='word_1_316' title='bbox 1261 1989 1323 2020; x_wconf 84' lang='lat' dir='ltr'>Als</span> <span class='ocrx_word' id='word_1_317' title='bbox 1344 1989 1397 2020; x_wconf 90' lang='lat' dir='ltr'>ich</span> <span class='ocrx_word' id='word_1_318' title='bbox 1420 1990 1452 2020; x_wconf 89' lang='lat' dir='ltr'>in</span> <span class='ocrx_word' id='word_1_319' title='bbox 1474 1989 1564 2021; x_wconf 85' lang='lat' dir='ltr'>Paris</span> 
     </span>
     <span class='ocr_line' id='line_1_34' title="bbox 304 2038 1564 2080; baseline 0.002 -12"><span class='ocrx_word' id='word_1_320' title='bbox 304 2038 356 2068; x_wconf 87' lang='lat' dir='ltr'>die</span> <span class='ocrx_word' id='word_1_321' title='bbox 390 2038 601 2069; x_wconf 87' lang='lat' dir='ltr'>Handschrist</span> <span class='ocrx_word' id='word_1_322' title='bbox 632 2049 691 2070; x_wconf 86' lang='lat' dir='ltr'>aus</span> <span class='ocrx_word' id='word_1_323' title='bbox 720 2040 851 2079; x_wconf 87' lang='lat' dir='ltr'>eigener</span> <span class='ocrx_word' id='word_1_324' title='bbox 872 2040 1100 2080; x_wconf 84' lang='lat' dir='ltr'>Anschauung</span> <span class='ocrx_word' id='word_1_325' title='bbox 1122 2040 1251 2071; x_wconf 90' lang='lat' dir='ltr'>kennen</span> <span class='ocrx_word' id='word_1_326' title='bbox 1275 2040 1387 2077; x_wconf 82' lang='lat' dir='ltr'>lernte‚</span> <span class='ocrx_word' id='word_1_327' title='bbox 1410 2039 1564 2071; x_wconf 87' lang='lat' dir='ltr'>entdeck-</span> 
     </span>
     <span class='ocr_line' id='line_1_35' title="bbox 304 2088 1565 2130; baseline 0.003 -12"><span class='ocrx_word' id='word_1_328' title='bbox 304 2094 336 2118; x_wconf 87' lang='lat' dir='ltr'>te</span> <span class='ocrx_word' id='word_1_329' title='bbox 360 2088 421 2125; x_wconf 83' lang='lat' dir='ltr'>ich,</span> <span class='ocrx_word' id='word_1_330' title='bbox 455 2089 532 2119; x_wconf 85' lang='lat' dir='ltr'>dass</span> <span class='ocrx_word' id='word_1_331' title='bbox 556 2089 697 2120; x_wconf 69' lang='lat' dir='ltr'>LITTRE</span> <span class='ocrx_word' id='word_1_332' title='bbox 720 2090 788 2121; x_wconf 89' lang='lat' dir='ltr'>sich</span> <span class='ocrx_word' id='word_1_333' title='bbox 811 2091 910 2130; x_wconf 85' lang='lat' dir='ltr'>geirrt</span> <span class='ocrx_word' id='word_1_334' title='bbox 932 2090 1032 2127; x_wconf 84' lang='lat' dir='ltr'>hatte,</span> <span class='ocrx_word' id='word_1_335' title='bbox 1056 2091 1123 2121; x_wconf 92' lang='lat' dir='ltr'>und</span> <span class='ocrx_word' id='word_1_336' title='bbox 1146 2091 1224 2122; x_wconf 88' lang='lat' dir='ltr'>dass</span> <span class='ocrx_word' id='word_1_337' title='bbox 1246 2101 1322 2122; x_wconf 85' lang='lat' dir='ltr'>man</span> <span class='ocrx_word' id='word_1_338' title='bbox 1345 2091 1429 2122; x_wconf 90' lang='lat' dir='ltr'>auch</span> <span class='ocrx_word' id='word_1_339' title='bbox 1451 2091 1484 2122; x_wconf 91' lang='lat' dir='ltr'>in</span> <span class='ocrx_word' id='word_1_340' title='bbox 1505 2090 1565 2122; x_wconf 88' lang='lat' dir='ltr'>der</span> 
     </span>
     <span class='ocr_line' id='line_1_36' title="bbox 304 2138 1146 2182; baseline 0.002 -13"><span class='ocrx_word' id='word_1_341' title='bbox 304 2138 448 2179; x_wconf 88' lang='lat' dir='ltr'>Vorlage</span> <span class='ocrx_word' id='word_1_342' title='bbox 471 2141 523 2181; x_wconf 85' lang='grc' dir='ltr'>τὴν</span> <span class='ocrx_word' id='word_1_343' title='bbox 546 2145 603 2170; x_wconf 87' lang='grc' dir='ltr'>τῶν</span> <span class='ocrx_word' id='word_1_344' title='bbox 627 2140 883 2182; x_wconf 75' lang='grc' dir='ltr'>δαιμονιζομένων</span> <span class='ocrx_word' id='word_1_345' title='bbox 906 2151 945 2171; x_wconf 89' lang='lat' dir='ltr'>zu</span> <span class='ocrx_word' id='word_1_346' title='bbox 968 2140 1057 2171; x_wconf 89' lang='lat' dir='ltr'>lesen</span> <span class='ocrx_word' id='word_1_347' title='bbox 1080 2140 1146 2171; x_wconf 90' lang='lat' dir='ltr'>hat.</span> 
     </span>
    </p>
   </div>
   <div class='ocr_carea' id='block_1_7' title="bbox 304 2203 505 2208">
    <p class='ocr_par' dir='ltr' id='par_1_8' title="bbox 304 2203 505 2208">
     <span class='ocr_line' id='line_1_37' title="bbox 304 2203 505 2208; baseline 0 0"><span class='ocrx_word' id='word_1_348' title='bbox 304 2203 505 2208; x_wconf 95' lang='lat' dir='ltr'> </span> 
     </span>
    </p>
   </div>
   <div class='ocr_carea' id='block_1_8' title="bbox 405 2234 1110 2311">
    <p class='ocr_par' dir='ltr' id='par_1_9' title="bbox 405 2234 1110 2311">
     <span class='ocr_line' id='line_1_38' title="bbox 405 2234 1040 2269; baseline 0.002 -9"><span class='ocrx_word' id='word_1_349' title='bbox 405 2235 412 2249; x_wconf 92' lang='lat'><em>¹</em></span> <span class='ocrx_word' id='word_1_350' title='bbox 433 2234 491 2269; x_wconf 82' lang='lat' dir='ltr'>vgl.</span> <span class='ocrx_word' id='word_1_351' title='bbox 510 2234 610 2261; x_wconf 82' lang='lat' dir='ltr'>Eranos</span> <span class='ocrx_word' id='word_1_352' title='bbox 629 2235 665 2261; x_wconf 66' lang='lat' dir='ltr'>vl</span> <span class='ocrx_word' id='word_1_353' title='bbox 682 2235 791 2269; x_wconf 82' lang='lat' dir='ltr'>(Upsala</span> <span class='ocrx_word' id='word_1_354' title='bbox 813 2237 893 2268; x_wconf 77' lang='lat'>1905),</span> <span class='ocrx_word' id='word_1_355' title='bbox 912 2235 951 2261; x_wconf 90' lang='lat' dir='ltr'>Ss.</span> <span class='ocrx_word' id='word_1_356' title='bbox 970 2243 1000 2269; x_wconf 84' lang='lat'>45</span> <span class='ocrx_word' id='word_1_357' title='bbox 1013 2235 1040 2261; x_wconf 79' lang='lat' dir='ltr'>ff.</span> 
     </span>
     <span class='ocr_line' id='line_1_39' title="bbox 405 2276 1110 2311; baseline 0.001 -10"><span class='ocrx_word' id='word_1_358' title='bbox 405 2277 414 2292; x_wconf 79' lang='lat'>²</span> <span class='ocrx_word' id='word_1_359' title='bbox 433 2276 494 2311; x_wconf 83' lang='lat' dir='ltr'>Vgl,</span> <span class='ocrx_word' id='word_1_360' title='bbox 514 2276 626 2308; x_wconf 61' lang='lat' dir='ltr'>LxTTRss,</span> <span class='ocrx_word' id='word_1_361' title='bbox 644 2277 733 2303; x_wconf 88' lang='lat' dir='ltr'>Tome</span> <span class='ocrx_word' id='word_1_362' title='bbox 752 2277 788 2303; x_wconf 81' lang='lat' dir='ltr'>lx</span> <span class='ocrx_word' id='word_1_363' title='bbox 806 2277 888 2310; x_wconf 81' lang='lat' dir='ltr'>(Paris</span> <span class='ocrx_word' id='word_1_364' title='bbox 910 2277 989 2310; x_wconf 77' lang='lat'>1861).</span> <span class='ocrx_word' id='word_1_365' title='bbox 1008 2278 1034 2303; x_wconf 90' lang='lat' dir='ltr'>S.</span> <span class='ocrx_word' id='word_1_366' title='bbox 1057 2285 1110 2311; x_wconf 74' lang='lat'><em>13¹.</em></span> 
     </span>
    </p>
   </div>
  </div>
 </body>
</html>
