1598 2592
84 179 112 203 2.
155 172 330 203 Enimuero
360 170 548 202 morborum
569 180 635 201 om-

33 222 123 254 nium
138 227 206 253 tum
222 221 312 253 locus
327 221 423 258 idem,
436 226 505 252 tum
518 221 637 252 modus

33 272 248 304 differentiam
263 272 349 304 facit.
377 271 492 312 Itaque
508 272 637 303 uidetur

33 322 154 354 nullam
185 323 268 354 inter
297 332 333 354 se
355 323 488 353 morbos
514 322 636 352 habere

32 373 274 404 similitudinem
318 378 452 413 propter
490 372 636 403 locorum

34 424 234 455 uarietatem.
272 423 332 454 Est
347 429 457 454 autem
472 433 557 454 unus
571 433 636 454 om-

33 474 122 505 nium
163 474 350 505 morborum
387 479 421 505 et
456 473 567 514 specie
604 479 637 504 et

33 534 132 556 causa
158 524 254 556 idern.
301 524 384 566 Quis
410 534 488 555 uero
509 524 562 555 hic
584 524 635 561 sit,

33 575 168 606 tentabo
190 580 306 616 postea
328 574 503 615 explicare.

84 634 112 666 3.
150 625 235 657 Nam
258 630 291 656 et
312 625 482 656 hominum
504 630 537 655 et
559 623 635 655 alio-

33 686 103 707 rum
125 675 312 707 animalium
326 685 464 716 corpora
475 675 636 706 alimentis

32 725 210 767 triplicibus
253 726 443 757 nutriuntur.
507 725 636 766 Quibus

32 776 165 818 quidem
197 776 357 807 alimentis
386 776 457 807 haec
484 781 560 807 sunt
582 786 636 806 no-

33 827 134 858 mina:
167 827 231 858 cibi
260 833 358 868 potus
384 827 525 867 spiritus.
570 826 636 858 Sed

32 878 163 918 spiritus
185 877 235 909 alii
252 877 385 918 quidem
400 878 432 908 in
444 877 636 918 corporibus

32 927 129 959 flatus
140 934 308 965 uocantur¹
318 928 377 959 sed
389 928 445 968 qui
457 933 533 958 sunt
542 933 636 958 extra

32 988 180 1019 corpora,
196 979 279 1009 aeris
294 988 415 1009 nomen
426 978 557 1009 habent.
588 977 637 1008 At

33 1028 85 1060 hic
116 1029 148 1060 in
180 1029 333 1060 omnibus
361 1034 395 1059 et
417 1029 581 1069 stragibus
603 1034 636 1059 et

32 1079 132 1110 ruinis
158 1079 403 1119 potentissimus
432 1085 491 1110 est.
537 1078 636 1110 Cuius

32 1129 163 1170 quidem
195 1130 311 1161 intueri
339 1130 406 1160 uim
434 1140 543 1170 operae
565 1140 635 1170 pre-

32 1180 113 1211 tium
135 1185 224 1221 puto.
269 1180 329 1211 Est
347 1181 433 1211 enim
448 1186 566 1211 ventus
581 1190 636 1211 aer

32 1229 136 1262 fluens
157 1240 197 1262 ac
216 1230 315 1262 fusus.
349 1229 431 1262 Cum
447 1231 544 1271 igitur
557 1230 635 1261 mul-

32 1286 85 1312 tus
114 1291 169 1312 aer
190 1280 325 1312 fluorem
348 1281 471 1318 aluerit,
495 1291 569 1312 cum
591 1291 636 1312 ar·

31 1331 129 1362 bores
150 1331 343 1363 firmissimae
365 1332 410 1362 ob
425 1332 492 1362 uim
505 1332 636 1372 spiritus

33 1381 187 1412 radicitus
202 1382 406 1418 exciduntur,
419 1387 488 1413 tum
500 1382 636 1422 pelagus

32 1431 167 1463 fluctuat
189 1437 222 1463 et
237 1433 471 1473 ingentissimae
487 1442 588 1463 naues
603 1433 635 1463 in

33 1481 134 1513 altum
173 1483 382 1514 disiiciuntur.
437 1483 636 1514 Huiusmodi

32 1543 165 1573 quoque
198 1533 230 1563 in
262 1533 313 1564 his
346 1533 538 1573 corporibus
570 1534 634 1564 uim

31 1582 140 1614 habet.
188 1582 422 1614 Verumtamen
453 1584 537 1614 uisui
567 1584 634 1624 qui-

33 1633 108 1664 dem
145 1643 353 1674 nequaquam
392 1639 537 1675 apparet.
576 1635 635 1665 sed

33 1684 268 1715 ratiocinationi
279 1684 468 1715 manifestus
476 1691 534 1715 est.
547 1685 635 1726 Quid

33 1735 119 1765 enim
140 1735 209 1766 sine
224 1735 287 1766 hoc
302 1735 370 1766 fieri
385 1734 502 1775 queat?
534 1734 605 1766 Aut
616 1746 636 1765 a

32 1794 175 1825 quonam
197 1785 249 1816 hic
272 1785 382 1816 abest?
417 1785 488 1816 Aut
506 1786 634 1816 cuinam

32 1835 141 1875 potius
156 1845 221 1866 non
237 1836 330 1867 adest
345 1835 429 1867 una?
466 1835 634 1876 Quidquid

32 1885 119 1916 enim
140 1892 259 1916 terram
282 1887 366 1917 inter
388 1897 426 1917 ac
441 1886 558 1917 caelum
574 1892 633 1923 est,

32 1935 214 1976 completur
235 1937 359 1976 spiritu.
393 1937 456 1968 Hic
471 1943 505 1968 et
519 1937 635 1967 hiemis

33 1990 67 2016 et
88 1987 212 2018 aestatis
233 1993 283 2018 est
304 1993 426 2024 auctor,
442 1988 566 2028 quippe
579 1988 634 2028 qui

32 2041 66 2067 et
87 2036 208 2068 densus
226 2037 257 2068 in
273 2037 379 2069 hieme
391 2038 433 2069 sit
444 2043 477 2069 et
489 2038 633 2078 frigidus,

32 2086 91 2117 sed
122 2086 154 2117 in
184 2093 300 2118 aestate
326 2087 407 2119 lenis
429 2098 468 2119 ac
490 2098 633 2119 serenuS.

33 2135 120 2177 Quin
143 2138 241 2168 etiam
266 2138 344 2169 solis
366 2148 405 2169 ac
427 2138 513 2169 lunae
536 2143 634 2169 astro-

32 2197 168 2227 rumque
190 2194 318 2220 meatus
342 2199 399 2229 per
414 2189 561 2229 spiritum
573 2194 633 2220 est.

85 2265 114 2292 17
136 2261 168 2284 at
188 2258 215 2284 in
238 2267 287 2285 ras.
306 2258 339 2284 al.
358 2267 394 2285 m.
470 2266 499 2293 ²3
520 2258 632 2285 fluorem

31 2299 59 2325 in
76 2307 125 2326 ras.
144 2299 178 2326 al.
196 2309 231 2326 m.
310 2307 342 2333 24
363 2300 394 2326 ob
412 2309 490 2336 supra
509 2301 554 2327 lin.
572 2301 632 2327 add.

1232 96 1250 124 9

743 178 772 201 2.
812 170 1055 210 .²Egritudinum
1089 175 1197 200 autem
1231 180 1298 200 om—

692 220 781 251 nium
803 220 891 251 idem
907 221 1033 251 modus.
1067 219 1230 251 Videntur
1241 221 1296 261 igi-

691 276 743 302 tur
774 271 851 302 mihi
882 271 1092 312 aegritudines
1123 270 1195 302 aliae
1225 271 1295 302 aliis

691 320 813 352 similes
835 327 969 362 propter
990 321 1212 352 diuersitatem
1233 322 1295 352 dis-

692 372 1000 412 similitudinemque
1030 371 1184 403 locorum.
1236 372 1296 403 Est
1316 383 1330 408 ς

692 427 802 453 tamen
826 433 890 454 una
905 422 1135 463 aegritudinum
1150 422 1296 453 omnium

692 474 819 513 species
834 474 1016 514 eademque
1029 483 1138 510 causa,
1155 483 1296 513 quaeque

692 533 732 555 ea
761 524 812 559 sit.
844 524 995 564 proximo
1022 533 1172 554 sermone
1195 523 1295 564 expli-

692 584 766 605 care
789 574 942 605 conabor.

743 632 771 663 3.
808 625 939 656 Etenim
967 634 1106 664 corpora
1127 625 1295 655 hominum
1316 635 1352 653 10

692 674 955 716 reliquorumque
985 675 1171 706 animalium
1193 675 1297 706 tribus

693 725 853 756 alimentis
885 725 1021 756 aluntur.
1074 725 1157 756 Sunt
1186 731 1296 756 tamen

692 776 730 807 iis
762 776 922 807 alimentis
953 775 1025 807 haec
1055 777 1201 807 nomina:
1233 776 1296 806 cibi

692 826 844 867 potiones
859 827 999 867 spiritus.
1030 826 1154 857 Verum
1166 826 1296 867 spiritus

692 877 747 917 qui
777 877 910 918 quidem
938 877 970 908 in
998 877 1188 917 corporibus
1210 882 1294 914 sunt,
1317 886 1348 912 ις

692 927 789 958 flatus
811 927 1025 968 appellantur,
1048 928 1104 968 qui
1119 933 1214 958 extra
1229 937 1296 958 cor-

692 988 781 1018 pora,
805 988 870 1010 aer.
915 978 978 1009 Hic
1001 983 1111 1009 autem
1130 983 1180 1009 est
1195 979 1295 1009 maxi-

692 1038 764 1059 mus
779 1029 810 1059 in
823 1029 974 1060 omnibus
986 1029 1116 1059 casibus
1128 1034 1295 1069 tyrannus,

692 1084 808 1120 estque
831 1089 941 1120 operae
954 1080 1093 1119 pretium
1110 1079 1180 1110 eius
1194 1080 1295 1110 consi-

692 1129 805 1161 derare
827 1130 1019 1170 potentiam.
1064 1130 1193 1160 Ventus
1209 1130 1296 1160 enim
1314 1138 1352 1157 20

691 1186 742 1211 est
759 1181 843 1212 aeris
859 1180 967 1211 fluxus
982 1179 1175 1220 effusioque.
1213 1180 1296 1211 Cum

691 1231 789 1271 igitur
823 1231 944 1262 multus
977 1241 1033 1262 aer
1065 1231 1295 1262 uehementem

692 1281 805 1312 flatum
827 1282 978 1319 emiserit,
1001 1281 1135 1312 arbores
1157 1282 1188 1312 ui
1207 1282 1296 1322 spiri·

691 1337 745 1362 tus
760 1331 995 1368 conuelluntur,
1011 1342 1099 1362 mare
1111 1332 1295 1368 inundatur,

692 1392 793 1413 naues
816 1383 984 1413 immensae
1008 1382 1240 1422 magnitudinis
1263 1383 1294 1413 in
1314 1390 1347 1416 25

692 1432 758 1464 alto
781 1433 950 1469 iactantur,
973 1432 1138 1473 talemque
1161 1433 1246 1463 circa
1262 1433 1295 1463 id

691 1493 796 1523 genus
827 1483 937 1514 omnia
964 1483 1065 1514 habet
1087 1488 1294 1523 potestatem.

691 1533 926 1564 Verumtamen
939 1538 989 1564 est
1004 1534 1087 1564 uisui
1103 1534 1236 1574 quidem
1252 1534 1295 1564 in-

691 1584 852 1624 cognitus,
884 1590 918 1615 at
949 1585 1064 1615 rationi
1093 1584 1294 1624 perspicuus.

691 1635 778 1675 Quid
809 1635 895 1665 enim
922 1635 991 1665 sine
1014 1635 1076 1665 hoc
1099 1634 1167 1665 fieri
1191 1635 1294 1675 possit
1314 1642 1351 1669 30

691 1690 747 1715 aut
768 1695 788 1715 a
809 1695 954 1725 quonam
984 1685 1079 1716 abest
1109 1685 1171 1722 hic,
1199 1685 1294 1716 cuiue

691 1745 756 1766 non
780 1735 891 1767 adest?
927 1736 1095 1777 Quidquid
1111 1736 1197 1766 enim
1212 1737 1295 1766 inter

691 1791 808 1816 terram
832 1786 1013 1826 caelumque
1029 1791 1087 1823 est,
1105 1786 1218 1826 spiritu
1232 1786 1294 1826 spi-

691 1841 749 1867 rat.
765 1836 828 1867 Hic
838 1842 871 1867 et
882 1836 997 1867 hiemis
1010 1842 1042 1867 et
1052 1837 1174 1867 aestatis
1184 1847 1293 1873 causa,

691 1886 797 1918 hieme
820 1886 942 1918 densus
965 1887 1165 1927 frigidusque
1184 1892 1234 1918 est
1249 1887 1294 1918 ef·
1314 1894 1345 1921 35

692 1937 805 1974 sectus,
819 1943 934 1968 aestate
950 1938 1036 1968 mitis
1050 1943 1082 1968 et
1095 1937 1293 1977 tranquillus.

690 1987 776 2028 Quin
807 1988 906 2018 etiam
937 1988 1015 2018 solis
1044 1998 1082 2019 ac
1105 1987 1190 2018 lunae
1212 1988 1294 2018 side-

691 2048 826 2078 rumque
849 2039 901 2069 uia
924 2048 981 2078 per
1002 2039 1149 2078 spiritum
1172 2039 1292 2074 existit,

690 2089 757 2129 igni
779 2088 941 2129 siquidem
956 2089 1087 2129 spiritus
1102 2094 1152 2119 est
1165 2088 1292 2119 alimen·

690 2144 772 2176 tum;
796 2139 880 2180 ignis
898 2144 1008 2170 autem
1024 2139 1135 2179 spiritu
1149 2139 1293 2179 priuatus
1310 2146 1350 2170 40

690 2189 820 2220 minime
851 2195 951 2230 queat
982 2190 1102 2226 uiuere,
1141 2189 1225 2220 adeo
1259 2195 1293 2220 ut

740 2267 769 2293 25
790 2260 912 2286 inmense
929 2259 968 2286 bis
987 2259 1114 2294 scripturn
1133 2260 1160 2285 in
1180 2259 1273 2286 codice
