1598 2592
49 167 101 205 sit,
123 166 187 198 hoc
209 171 259 198 est
280 167 419 208 signum.
457 166 542 197 Nam
559 175 653 197 uacu-

49 223 106 250 ato
127 218 260 249 omnino
275 222 398 254 uentre,
414 227 455 248 ne
471 216 574 248 tribus
585 217 652 257 qui-

49 269 126 300 dem
140 273 257 308 postea
270 267 387 299 diebus
399 277 525 298 rursum
539 267 574 298 fit
586 266 651 307 ple-

49 329 120 350 nus.
164 317 329 359 Quidnam
353 319 450 358 igitur
471 318 558 349 aliud
574 317 652 348 illud

49 374 110 406 est,
122 368 212 410 quod
224 368 379 409 impleuit,
393 378 491 409 quam
504 367 652 408 spiritus?

49 419 136 451 Nam
157 419 235 460 quid
259 418 346 450 aliud
368 419 413 450 ita
435 418 582 450 celeriter
596 429 651 450 ex-

48 468 204 511 pleuerit?
253 469 339 500 Nam
361 479 468 510 neque
490 470 536 500 ita
557 474 651 510 potu-

49 520 173 552 lentum
194 519 327 561 aliquod
349 525 477 551 tantum
499 520 531 550 in
553 530 592 550 os
606 520 651 550 in·

49 571 156 608 trauit,
168 576 267 611 atque
279 581 387 611 neque
399 570 572 602 tabefactae
585 570 652 611 pul-

49 631 102 662 pae
124 626 201 652 sunt
222 622 254 652 in
277 631 387 652 causa.
428 621 513 652 Nam
527 626 561 651 et
575 631 652 652 ossa

49 677 171 703 restant
192 676 226 703 et
247 672 338 702 nerui
361 677 394 702 et
416 671 518 708 fibrae,
537 681 557 702 a
572 682 651 712 quo-

49 732 120 754 rum
131 721 219 753 nullo
231 723 464 753 incrementum
477 732 572 762 aquae
585 722 652 752 fieri

49 773 154 814 possit
175 783 216 804 ne
239 772 339 803 ullum
361 772 505 813 quidem.

103 1132 150 1164 13.
194 1125 309 1165 Itaque
348 1134 447 1156 causa
484 1125 652 1155 intercutis

50 1185 146 1216 aquae
169 1176 256 1206 dicta
277 1180 336 1206 est.
382 1175 449 1206 Sed
468 1175 566 1206 etiam
582 1185 650 1206 ner-

46 1236 162 1257 uorum
184 1225 398 1257 resolutiones
420 1226 502 1257 fiunt
518 1231 651 1266 propter

45 1276 151 1307 flatus.
197 1276 240 1307 Hi
263 1277 349 1307 enim
373 1275 478 1317 frigidi
502 1286 539 1307 ac
558 1276 649 1307 multi

45 1337 121 1358 cum
136 1337 208 1358 sese
220 1327 434 1358 immerserint
446 1326 650 1357 insufflarint—

46 1387 111 1417 que
126 1378 158 1408 in
174 1376 299 1417 pulpas,
317 1377 368 1407 hae
381 1378 526 1417 corporis
539 1383 650 1417 partes

46 1428 198 1458 amittunt
215 1438 358 1458 sensum.
391 1427 501 1468 Quare
515 1428 542 1458 si
557 1427 649 1458 multi

47 1477 144 1508 flatus
166 1478 198 1508 in
220 1483 291 1508 toto
307 1488 443 1518 corpore
458 1478 648 1515 discurrant,

46 1533 136 1559 totus
166 1528 266 1559 homo
293 1529 401 1559 neruis
427 1528 576 1566 soluitur;
600 1529 649 1559 sin

47 1585 156 1610 autem
179 1579 210 1609 in
234 1584 326 1619 parte
349 1578 466 1619 aliqua,
490 1579 561 1609 haec
575 1589 650 1619 pars

47 1628 228 1660 resoluitur.
265 1628 365 1669 Quod
387 1630 414 1660 si
437 1628 533 1660 flatus
549 1629 581 1660 hi
596 1630 650 1660 ab·

47 1680 150 1716 ierint,
174 1685 282 1710 cessat
304 1680 401 1710 etiam
425 1679 572 1717 morbus;
600 1681 650 1710 sin

47 1731 292 1770 permanserint,
315 1730 449 1760 morbus
467 1731 566 1761 etiam
582 1741 650 1770 per-

48 1785 166 1811 manet.
211 1779 310 1820 Quod
334 1786 444 1811 autem
467 1780 539 1811 haec
555 1781 599 1811 ita
614 1791 650 1811 se

48 1830 179 1868 habent,
211 1831 302 1862 hiant
332 1841 431 1871 quam
459 1831 650 1871 saepissime.

102 1989 148 2020 14.
182 1981 237 2012 Ad
253 1981 324 2013 haec
339 1982 467 2013 uidetur
478 1982 556 2013 mihi
569 1992 650 2012 mor-

48 2031 126 2062 bum
153 2032 349 2063 comitialem
377 2032 451 2063 hinc
479 2032 648 2073 proficisci.

48 2080 178 2121 Quibus
217 2088 326 2113 autem
363 2083 541 2114 rationibus
577 2093 650 2114 sum

49 2141 234 2172 persuasus,
251 2133 366 2164 iisdem
378 2134 575 2173 persuadere
588 2133 651 2164 hoc

49 2182 250 2214 auditoribus
285 2184 429 2215 tentabo.
488 2184 650 2214 Existimo

49 2233 187 2272 primum
218 2233 294 2264 nihil
324 2244 406 2271 esse,
434 2235 523 2274 quod
547 2235 651 2275 magis

98 2301 130 2326 24
148 2295 346 2322 immerserunt
362 2295 448 2322 codex

1232 89 1267 116 27

707 176 774 206 quo
782 164 879 197 ualde
889 165 996 197 adhuc
1006 170 1123 203 tumet;
1137 175 1192 196 aer
1201 169 1312 196 autem

707 216 878 247 humorem
907 215 1033 256 praebet
1059 216 1236 256 ingentem,
1260 226 1312 246 ue-

708 277 779 298 rum
810 267 924 307 spiritu
953 266 1095 297 abeunte
1123 265 1313 306 relinquitur

709 327 794 358 aqua
822 318 894 358 ipsa
920 322 1160 358 proptereaque
1183 316 1312 347 uidetur

708 368 840 408 quidem
874 377 988 408 parum
1020 377 1116 408 aquae
1146 376 1228 404 esse,
1252 367 1343 403 sed5

707 423 758 449 est
783 418 901 449 eadem
922 418 1097 458 quantitas.
1143 417 1244 449 Cuius
1267 418 1311 448 rei

708 469 862 500 indicium
892 474 952 506 est,
979 469 1070 509 quod
1093 474 1206 499 uentre
1225 469 1312 508 peni-

707 524 760 550 tus
775 524 945 556 euacuato,
961 524 1137 559 antequam
1151 524 1218 550 tres
1230 529 1311 559 prae·

708 575 833 601 tereant
844 570 924 606 dies,
935 569 1044 601 denuo
1057 569 1206 610 repletur.
1223 569 1311 611 Quid

707 631 786 661 ergo
798 625 858 657 est,
875 621 964 661 quod
981 619 1162 660 repleuerit‚
1175 620 1236 650 nisi
1247 621 1310 660 spi·
1331 630 1363 649 10

708 670 805 702 ritus?
848 671 934 701 Nam
957 671 1036 711 quid
1059 670 1146 702 aliud
1161 675 1229 701 tam
1245 671 1311 701 cito

709 720 917 762 repleuisset?
960 721 1035 752 Non
1066 721 1153 752 enim
1184 726 1311 752 tantum

708 772 850 812 potionis
883 772 1014 802 intrauit
1041 781 1079 802 os
1103 776 1159 802 aut
1181 782 1310 812 corpus.

708 822 812 863 Atqui
840 832 947 862 neque
973 832 1050 853 caro
1073 827 1124 853 est
1146 823 1178 852 in
1200 832 1310 859 causa,

708 883 782 904 cum
805 883 870 903 non
894 873 944 909 sit,
968 872 1124 913 liquefieri
1146 883 1221 913 quae
1240 883 1312 912 pos·
1332 882 1359 907 15

708 924 759 955 sit.
804 923 891 955 Ossa
920 924 1006 954 enim
1028 922 1100 954 solo
1122 923 1222 954 modo
1245 933 1312 953 ner-

708 974 806 1014 uique
839 983 877 1004 ac
911 973 976 1004 uilli
1007 973 1132 1014 reliqua
1162 979 1246 1011 sunt,
1270 984 1312 1004 ex

708 1025 828 1065 quibus
857 1024 974 1055 nullius
997 1023 1062 1055 ulla
1084 1034 1179 1065 aquae
1203 1025 1312 1055 auctio

709 1075 795 1106 facta
816 1085 889 1105 esse
912 1075 1026 1115 possit.

763 1134 808 1165 13.
848 1125 955 1157 Causa
978 1130 1087 1156 autem
1106 1125 1220 1162 morbi,
1236 1135 1312 1165 quae
1331 1134 1363 1153 20

709 1186 795 1216 aqua
818 1177 900 1207 inter
915 1181 1023 1206 cutem
1040 1175 1230 1216 appellatur,
1247 1176 1311 1206 iam

707 1227 795 1257 dicta
806 1232 865 1257 est.
897 1226 1096 1266 Apoplexiae
1109 1232 1219 1257 autem
1230 1225 1312 1256 fiunt

707 1277 787 1317 ipsae
810 1287 942 1318 quoque
965 1277 1008 1307 ob
1027 1276 1133 1308 flatus.
1169 1277 1311 1318 Quando

707 1328 793 1358 enim
805 1327 910 1364 flatus,
924 1327 1030 1368 frigidi
1045 1328 1242 1358 exsistentes
1255 1327 1311 1358 sre-

706 1383 921 1418 quentesque,
933 1378 1156 1418 ingrediuntur
1168 1387 1310 1408 carnem·
1330 1387 1359 1413 25

706 1439 770 1468 que
794 1428 944 1459 inflantes
960 1429 1128 1465 suscitant,
1144 1438 1242 1459 sensu
1255 1428 1312 1459 uti-

706 1489 770 1519 que
782 1478 845 1509 illae
857 1479 1003 1519 corporis
1015 1484 1124 1519 partes
1135 1479 1310 1518 priuantur.

706 1529 754 1560 At
776 1530 803 1560 si
822 1529 1008 1569 frequentes
1025 1534 1162 1569 totoque
1174 1539 1311 1569 corpore

706 1585 937 1616 transcurrunt,
947 1585 1037 1610 totus
1048 1579 1148 1610 homo
1161 1579 1311 1620 stupidus

706 1629 755 1667 fit;
774 1630 801 1660 si
814 1641 892 1661 uero
904 1631 935 1661 in
951 1636 1078 1670 partem
1090 1630 1230 1670 aliquam
1245 1640 1311 1660 cor·
1331 1639 1363 1666 30

706 1681 794 1720 poris
825 1691 860 1711 se
890 1681 1119 1717 conuerterint,
1149 1690 1225 1720 pars
1248 1680 1310 1711 illa.

707 1731 818 1771 Atque
838 1731 1034 1762 abeuntibus
1057 1731 1188 1762 flatibus
1203 1736 1311 1762 cessat

707 1781 850 1816 morbus,
874 1781 1151 1812 commorantibus
1170 1791 1311 1812 commo-

708 1837 806 1863 ratur.
856 1831 954 1872 Quod
979 1838 1090 1863 autem
1112 1832 1184 1863 haec
1206 1833 1252 1863 sic
1275 1842 1310 1863 se

706 1882 860 1919 habeant,
884 1882 961 1913 illud
985 1888 1034 1914 est
1054 1883 1223 1914 indicium:
1246 1893 1310 1914 cre·
1331 1892 1358 1918 35

707 1933 766 1963 bro
788 1933 888 1964 hiant.

761 1991 807 2022 14.
851 1982 992 2014 Videtur
1013 1983 1091 2014 mihi
1114 1983 1311 2014 comitialem

706 2044 839 2074 quoque
856 2034 1006 2064 morbum
1028 2034 1092 2065 hoc
1114 2044 1197 2071 esse,
1221 2034 1311 2074 quod

707 2083 813 2121 faciat,
837 2084 1021 2124 quibusque
1038 2084 1217 2115 rationibus
1232 2084 1310 2115 mihi

707 2135 862 2174 persuasi,
890 2134 1006 2165 iisdem
1032 2135 1130 2166 etiam
1153 2135 1310 2165 audienti·
1328 2142 1363 2167 40

706 2185 768 2215 bus
799 2185 995 2225 persuadere
1025 2185 1179 2216 conabor.
1229 2185 1311 2216 Puto

759 2262 785 2288 15
811 2263 871 2289 quoe
893 2255 1031 2289 liquefieri
1053 2255 1131 2290 impr.
1218 2262 1246 2288 25
1272 2256 1311 2281 in-

703 2297 875 2330 grediantur
895 2297 989 2327 codex.
1015 2297 1217 2330 mgrediuntur
1233 2297 1310 2331 impr.
